%% Created using Papers on Tue, 27 Jul 2021.
%% http://papersapp.com/papers/

@article{Gratton:2010wy,
author = {Gratton, Brian and Gutmann, Myron P},
title = {{Emptying the nest: older men in the United States, 1880-2000.}},
journal = {Population and Development Review},
year = {2010}
}

@article{Klerall:2018iz,
author = {Kler, Parvinder and Potia, Azhar Hussain and Shankar, Sriram},
title = {{Underemployment among Mature-Age Workers in Australia}},
journal = {Applied Economics Letters},
year = {2018}
}

@article{Beine:2017bn,
author = {Beine, Michel and Coulombe, Serge},
title = {{Immigration and internal mobility in Canada}},
journal = {Journal of population economics},
year = {2017}
}

@techreport{Bell:2018gp,
author = {Bell, David N F and Blanchflower, David},
title = {{The Well-being of the Overemployed and the Underemployed and the Rise in Depression in the UK}},
institution = {National Bureau of Economic Research, Cambridge, MA},
year = {2018}
}

@incollection{GilAlonso:2012bf,
author = {Gil-Alonso, Fernando},
title = {{Ageing and Policies: Pension Systems Under Pressure}},
booktitle = {The Family, the Market or the State?},
year = {2012}
}

@article{Godbout:2014wz,
author = {Godbout, Luc and St-Cerny, Suzie and Dao, Ngoc Ha and Fortin, Pierre},
title = {{La soutenabilit{\'e} budg{\'e}taire des finances publiques du gouvernement du Qu{\'e}bec}},
year = {2014}
}

@article{dAlbis:2017wg,
author = {d'Albis, Hippolyte and NAVAUX, Julien},
title = {{La r{\'e}partition par {\^a}ge des transferts publics en France}},
journal = {Choc d{\'e}mographique, rebond {\'e}conomique},
year = {2017}
}

@article{Massey:1990ge,
author = {Massey, Douglas S},
title = {{Social Structure, Household Strategies, and the Cumulative Causation of Migration}},
journal = {Population Index},
year = {1990}
}

@article{Lu:2010ug,
author = {Lu, Yuqian and Morissette, Rene},
title = {{L{\textquoteright}activit{\'e} des femmes sur le march{\'e} du travail et les ralentissements {\'e}conomiques}},
year = {2010}
}

@article{DeGraff:2017cv,
author = {DeGraff, Deborah S and Wong, Rebeca and Orozco-Rocha, Karina},
title = {{Dynamics of Economic Security Among the Aging in Mexico: 2001{\textendash}2012}},
journal = {Population Research and Policy Review},
year = {2017}
}

@article{Marois:2020je,
author = {Marois, Guillaume and B{\'e}langer, Alain and Lutz, Wolfgang},
title = {{Population aging, migration, and productivity in Europe}},
journal = {Proceedings of the National Academy of Sciences of the United States of America},
year = {2020}
}

@article{Shaimardanov:2011gr,
author = {Shaimardanov, N Z and Nekludova, N P},
title = {{Employment regulation peculiarities in the terms of labour shortage}},
journal = {Economy of Region},
year = {2011}
}

@article{Ketcheson:2017ut,
author = {Ketcheson, James and Kyui, Natalia and Vincent, Benoit},
title = {{Labour Force Participation: A Comparison of the United States and Canada}},
year = {2017}
}

@article{Carriere:2012vh,
author = {Carri{\`e}re, Yves and Galarneau, Diane},
title = {{How many years to retirement?}},
journal = {Statistique Canada},
year = {2012}
}

@article{Caradec:2008hp,
author = {Caradec, Vincent},
title = {{Vieillir au grand {\^a}ge}},
journal = {Recherche en soins infirmiers},
year = {2008}
}

@article{Hall:2014db,
author = {Hall, Neil},
title = {{The Kardashian index: a measure of discrepant social media profile for scientists.}},
journal = {Genome biology},
year = {2014}
}

@article{Erlandsen:2008ci,
author = {Erlandsen, Solveig and Nymoen, Ragnar},
title = {{Consumption and Population Age Structure}},
journal = {Journal of population economics},
year = {2008}
}

@article{Reher:2007ft,
author = {Reher, David S},
title = {{Towards long-term population decline: a discussion of relevant issues}},
journal = {European Journal of Population / Revue europ{\'e}enne de D{\'e}mographie},
year = {2007}
}

@article{Anonymous:aMUr8X5r,
author = {BENIN, REPUBLIQUE DU},
title = {{Loi N{\textdegree} 65-25 du 14 ao{\^u}t 1965  portant sur le r{\'e}gime de la propri{\'e}t{\'e} fonci{\`e}re au Dahomey}},
year = {1965}
}

@article{Vignoli:2009dw,
author = {Vignoli, Daniele and De Santis, Gustavo},
title = {{Individual and Contextual Correlates of Economic Difficulties in Old Age in Europe}},
journal = {Population Research and Policy Review},
year = {2009}
}

@article{Denton:2011gq,
author = {Denton, Frank T and Finnie, Ross and Spencer, Byron G},
title = {{Income Replacement in Retirement: Longitudinal Evidence from Income Tax Records}},
journal = {Canadian Journal on Aging / La Revue canadienne du vieillissement},
year = {2011}
}

@article{Vaupel:2002vv,
author = {Vaupel, James W and Canudas-Romo, Vladimir},
title = {{Decomposing demographic change into direct vs. compositional components}},
journal = {Demographic Research},
year = {2002}
}

@article{Bell:2019dj,
author = {Bell, David N F and Blanchflower, David G},
title = {{Underemployment in the United States and Europe:}},
journal = {ILR Review},
year = {2019}
}

@article{Spurgeon:2000fz,
author = {Spurgeon, David},
title = {{Canada faces nurse shortage}},
journal = {BMJ},
year = {2000}
}

@book{Rao:2008jy,
author = {Rao, M},
title = {{The Cairo Consensus: Demographic Surveys, Women's Empowerment, and Regime Change in Population Policy
}},
publisher = {Contemporary Sociology: A Journal of Reviews},
year = {2008}
}

@techreport{Grubel:2012wo,
author = {Grubel, Herbert and Grady, Patrick},
title = {{Fiscal transfers to immigrants in Canada: responding to critics and a revised estimate}},
year = {2012}
}

@article{suffix:1994hp,
author = {suffix, Glen H Elder suffix Jr},
title = {{Time, Human Agency, and Social Change: Perspectives on the Life Course}},
journal = {Social Psychology Quarterly},
year = {1994}
}

@article{Rochon:1999fc,
author = {Rochon, Madeleine},
title = {{Vieillissement d{\'e}mographique et participation des personnes {\^a}g{\'e}es au financement des d{\'e}penses de sant{\'e} et des d{\'e}penses sociales}},
journal = {Cahiers qu{\'e}b{\'e}cois de d{\'e}mographie},
year = {1999}
}

@book{Anonymous:wxZJZrc-,
title = {{Tax Policy and the Economy, Volume 14}},
publisher = {National Bureau of Economic Research, Inc}
}

@article{Anonymous:3rauSqNT,
title = {{vie-generation-2}},
year = {2007}
}

@article{Andrews:2014ib,
author = {Andrews, Jeffrey L and McNicholas, Paul D},
title = {{Variable Selection for Clustering and Classification}},
journal = {Journal of Classification},
year = {2014}
}

@article{Minagawa:2018ve,
author = {Minagawa, Yuka S},
title = {{Changing Life Expectancy and Health Expectancy Among Russian Adults: Results from the Past 20 Years}},
journal = {Population Research and Policy Review},
year = {2018}
}

@article{Johnson:2004ha,
author = {Johnson, Monica Kirkpatrick},
title = {{Further Evidence on Adolescent Employment and Substance Use: Differences by Race and Ethnicity}},
journal = {Journal of Health and Social Behavior},
year = {2004}
}

@article{Lee:1980ci,
author = {Lee, Ronald Demos},
title = {{Age Structure Intergenerational Transfers and Economic Growth: An Overview}},
journal = {Revue {\'e}conomique},
year = {1980}
}

@article{Zimmermann:1991wy,
author = {Zimmermann, K F},
title = {{Ageing and the labor market: age structure, cohort size and unemployment.}},
journal = {Journal of population economics},
year = {1991}
}

@article{Card:2016ku,
author = {Card, David and Peri, Giovanni},
title = {{Review: "Immigration Economics" by George J. Borjas: A Review Essay}},
journal = {Journal of Economic literature},
year = {2016}
}

@incollection{Sanchis:2016gx,
author = {Sanchis, Ra{\'u}l G},
title = {{Economic Theories about the Allocation of Time: Review and an Extension for Multitasking}},
booktitle = {The Economics of Multitasking},
year = {2016}
}

@article{Vickstrom:2014fc,
author = {Vickstrom, Erik},
title = {{Pathways into Irregular Status Among Senegalese Migrants in Europe}},
journal = {International migration review},
year = {2014}
}

@article{StatisticsCanada:2019vh,
author = {{Statistics Canada}},
title = {{Labour force characteristics by sex and detailed age group, annual}},
year = {2019}
}

@article{McDaniel:2015gl,
author = {McDaniel, Susan A and Wong, Lloyd L and Watt, Bonnie},
title = {{An Aging Workforce and the Future Labour Market in Canada}},
journal = {Canadian Public Policy},
year = {2015}
}

@article{Dao:2014fl,
author = {Dao, Ha and Godbout, Luc},
title = {{Le r{\^o}le de la fiscalit{\'e} dans~la~r{\'e}duction~des in{\'e}galit{\'e}s~: doit-on se soucier de la structure fiscale servant {\`a} pr{\'e}lever les~recettes?}},
journal = {L'Actualit{\'e} {\'e}conomique},
year = {2014}
}

@book{Anonymous:2011tl,
title = {{Underemployment: Psychological, Economic, and Social Challenges}},
publisher = {Springer New York},
year = {2011}
}

@article{Blayo:1995kv,
author = {Blayo, Chantal},
title = {{La condition d'homog{\'e}n{\'e}it{\'e} en analyse d{\'e}mographique et en analyse statistique des biographies}},
journal = {Population (french edition)},
year = {1995}
}

@incollection{Pedulla:2011vv,
author = {Pedulla, David S and Newman, Katherine S},
title = {{The Family and Community Impacts of Underemployment}},
booktitle = {Underemployment: Psychological, Economic, and Social Challenges},
year = {2011}
}

@article{Lee:2014gf,
author = {Lee, Ronald Demos and Mason, Andrew and Network, NTA},
title = {{Is low fertility really a problem? Population aging, dependency, and consumption}},
journal = {Science},
year = {2014}
}

@article{Zimmer:2005fz,
author = {Zimmer, Zachary and Dayton, Julia},
title = {{Older adults in sub-Saharan Africa living with children and grandchildren}},
journal = {Population Studies},
year = {2005}
}

@article{Easterlin:1961gz,
author = {Easterlin, Richard A},
title = {{The American Baby Boom in Historical Perspective}},
journal = {The American Economic Review},
year = {1961}
}

@article{Goldscheider:2015bda,
author = {Goldscheider, Frances and Bernhardt, Eva and Lappeg{\aa}rd, Trude},
title = {{The Gender Revolution: A Framework for Understanding Changing Family and Demographic Behavior}},
journal = {Population and Development Review},
year = {2015}
}

@article{Sommers:2018bz,
author = {Sommers, Jeffrey and Hegland, Rachel and Delices, Patrick},
title = {{American Public Policy and Full Employment: The Imperative of Martin Luther King{\textquoteright}s Political Economy in the 21st Century}},
journal = {SAGE Open},
year = {2018}
}

@article{Wilson:2018tj,
author = {Wilson, Valerie and Jones, Janelle},
title = {{Working harder or finding it harder to work: Demographic trends in annual work hours show an increasingly fractured workforce}},
year = {2018}
}

@article{Dujin:2010wk,
author = {Dujin, Anne and Lehuede, Franck and Mathe, Thierry and Siounandan, Nicolas},
title = {{Etude de l{\textquoteright}impact du vieillissement de la population sur l{\textquoteright}offre et la demande de biens et de services de consommation}},
year = {2010}
}

@article{Montgomery:1996te,
author = {Montgomery, Mark R and Casterline, John B},
title = {{Social learning, social influence, and new models of fertility}},
journal = {Population and Development Review},
year = {1996}
}

@article{Merette:2019kz,
author = {M{\'e}rette, Marcel and NAVAUX, Julien},
title = {{Population Aging in Canada: What Life Cycle Deficit Age Profiles Are Telling Us about Living Standards}},
journal = {Canadian Public Policy},
year = {2019}
}

@article{Hum:2000gz,
author = {Hum, Derek and Simpson, Wayne},
title = {{Closing the wage gap: Economic assimilation of Canadian immigrants reconsidered}},
journal = {Journal of International Migration and Integration},
year = {2000}
}

@article{Christine:2015tu,
author = {Denton, Frank T and Spencer, Byron G and Feaver, Christine H},
title = {{Immigration, Labour Force, and the Age Structure of the Population}},
journal = {IESOP Research Paper},
year = {1997}
}

@incollection{angelini_does_2011,
author = {Angelini, Viola and Brugiavini, Agar and Weber, Guglielmo},
title = {{Does Downsizing of Housing Equity Alleviate Financial Distress in Old Age?}},
booktitle = {The Individual and the Welfare State},
year = {2011}
}

@incollection{tinios_explaining_2011,
author = {Tinios, Platon and Lyberaki, Antigone and Georgiadis, Thomas},
title = {{Explaining Persistent Poverty in SHARE: Does the Past Play a Role?}},
booktitle = {The Individual and the Welfare State},
year = {2011}
}

@incollection{Klimczuk:2016ik,
author = {Klimczuk, Andrzej},
title = {{Sociological and Gerontological Perspectives on Ageing, Creativity, and the Third Age}},
booktitle = {Economic Foundations for Creative Ageing Policy, Volume II},
year = {2016}
}

@book{LocarekJunge:2010ta,
author = {{Locarek-Junge, Hermann} and {Weihs, Claus}},
title = {{Classification as a Tool for Research}},
publisher = {Springer Science {\&} Business Media},
year = {2010}
}

@article{Reynolds:2013ts,
author = {Reynolds, Layton},
title = {{The Incidence and Persistence of Youth Underemployment}},
journal = {The Public Policy and Governance Review PPGR},
year = {2013}
}

@article{Condliffe:2016ej,
author = {Condliffe, Simon and Link, Charles R},
title = {{Registered nurses: the impact of wages on labour force participation and hours worked {\textendash} are wages an effective mechanism for addressing RN shortages with evidence from 1960 to 2008?}},
journal = {Applied Economics Letters},
year = {2016}
}

@article{Krueger:2007ww,
author = {Krueger, D},
title = {{MSU {\textendash} Libraries {\textendash} Login}},
journal = {manuscript},
year = {2007}
}

@article{DAmours:2013uh,
author = {DAmours, Alban and Beaudry, Rene and Godbout, Luc and Lamoureux, Claude and Marchon, Maurice and Morency, Bernard and Rochette, Martin},
title = {{Innover pour p{\'e}renniser le syst{\`e}me de retraite}},
journal = {Bibliotheque et Archives nationales du Quebec},
year = {2013}
}

@article{Krishnan:1981ua,
author = {Krishnan, P and Penning, M and Kurian, L},
title = {{Working life tables for females in Canada, 1971.}},
journal = {Population et famille},
year = {1981}
}

@article{Fougere:tl,
author = {M{\'e}rette, Marcel and Harvey, S and Foug{\`e}re, Maxime},
title = {{Ageing population and immigration in Canada: An analysis with a regional CGE overlapping generations model}},
journal = {cjrs-rcsr.org
}
}

@article{Edwards:2002ha,
author = {Ryan, Edwards and Lee, Ronald Demos},
title = {{The Fiscal Effects of Population Aging in the U.S.: Assessing the Uncertainties}},
journal = {Tax Policy and the Economy},
year = {2002}
}

@article{CoteSergent:2016bj,
author = {C{\^o}t{\'e} Sergent, Aur{\'e}lie and {\'E}chevin, Damien and Michaud, Pierre Carl},
title = {{The Concentration of Hospital-Based Medical Spending: Evidence from Canada}},
journal = {Fiscal Studies},
year = {2016}
}

@article{Thompson:2013dv,
author = {Thompson, Katina W and Shea, Thomas H and Sikora, David M and Perrew{\'e}, Pamela L and Ferris, Gerald R},
title = {{Rethinking underemployment and overqualification in organizations: The not so ugly truth}},
year = {2013}
}

@article{Fuchs:2017ci,
author = {Fuchs, Johann and S{\"o}hnlein, Doris and Weber, Brigitte and Weber, Enzo},
title = {{Stochastic Forecasting of Labor Supply and Population: An Integrated Model}},
journal = {Population Research and Policy Review},
year = {2017}
}

@article{Doiron:2003bv,
author = {Doiron, Denise J},
title = {{Is Under-Employment due to Labour Hoarding? Evidence from the Australian Workplace Industrial Relations Survey}},
journal = {Economic Record},
year = {2003}
}

@article{Holland:1986ii,
author = {Holland, Paul W},
title = {{Statistics and Causal Inference}},
journal = {Journal of the American Statistical Association},
year = {1986}
}

@article{Wang:2018jl,
author = {Wang, Jing},
title = {{Hours underemployment and employee turnover: the moderating role of human resource practices}},
journal = {International Journal of Human Resource Management},
year = {2018}
}

@article{Anonymous:Iand3Osy,
title = {{L{\textquoteright}impact de l{\textquoteright}immigration sur la dynamique {\'e}conomique du Qu{\'e}bec}},
year = {2014}
}

@inproceedings{ilo:1982icls,
author = {{International Labour Organization ILO}},
title = {{Statistics of LabourForce, Employment, Unemployment and Underemployment}},
booktitle = {The 13th International Conference of Labour Statisticians},
year = {1982}
}

@article{Bhrolchain:2007ep,
author = {Bhrolch{\'a}in, M{\'a}ire N{\'\i} and Dyson, Tim},
title = {{On Causation in Demography: Issues and Illustrations}},
journal = {Population and Development Review},
year = {2007}
}

@article{Lee:2017tk,
author = {Lee, Ronald Demos and Mason, Andrew},
title = {{Le co{\^u}t du vieillissement}},
year = {2017}
}

@article{Mullen:2016ko,
author = {Mullen, Kathleen J and Staubli, Stefan},
title = {{Disability benefit generosity and labor force withdrawal}},
journal = {Journal of Public Economics},
year = {2016}
}

@article{Marois:2019ej,
author = {Marois, Guillaume and Sabourin, Patrick and B{\'e}langer, Alain},
title = {{How reducing differentials in education and labor force participation could lessen workforce decline in the EU-28}},
journal = {Demographic Research},
year = {2019}
}

@article{Jappelli:2010jb,
author = {Jappelli, Tullio and Pistaferri, Luigi},
title = {{The Consumption Response to Income Changes}},
journal = {Annual Review of Economics},
year = {2010}
}

@article{lesthaeghe_second_????,
author = {Lesthaegh, Ron J},
title = {{The second demographic transition in western countries: an interpretation}},
year = {1991}
}

@article{Michel:2000gg,
author = {Michel, Philippe and Pestieau, Pierre},
title = {{Retraite par r{\'e}partition et {\^a}ge de la retraite}},
journal = {Revue {\'e}conomique},
year = {2000}
}

@article{Boissonneault:2017kn,
author = {Boissonneault, Micha{\"e}l and Vilotitch, Antoine},
title = {{Une illustration du lien entre {\^a}ge, travail et sant{\'e} en fin de carri{\`e}re dans les pays {\'e}conomiquement d{\'e}velopp{\'e}s}},
journal = {Cahiers qu{\'e}b{\'e}cois de d{\'e}mographie},
year = {2017}
}

@article{Skirbekk:2004df,
author = {Skirbekk, Vegard},
title = {{Age and Individual Productivity: A Literature Survey}},
journal = {Vienna Yearbook of Population Research},
year = {2004}
}

@incollection{Virick:2011vg,
author = {Virick, Meghna},
title = {{Underemployment and Older Workers}},
booktitle = {Underemployment: Psychological, Economic, and Social Challenges},
year = {2011}
}

@article{vandenHout:2014tp,
author = {van den Hout, Ardo},
title = {{ELECT: Estimation of life expectancies using continuous-time multi-state survival models}},
year = {2014}
}

@article{Lesthaeghe:2014db,
author = {Lesthaeghe, Ron},
title = {{The second demographic transition: A concise overview of its development}},
journal = {Proceedings of the National Academy of Sciences of the United States of America},
year = {2014}
}

@article{Kotlikoff:1980ty,
author = {Kotlikoff, Laurence J and Summers, Lawrence H},
title = {{The Role of Intergenerational Transfers in Aggregate Capital Accumulation}},
journal = {National Bureau of Economic Research Working Paper Series},
year = {1980}
}

@article{MataGreenwood:2008tl,
author = {Mata-Greenwood, Adriana},
title = {{International definitions and prospects of Underemployment Statistics}},
year = {2008}
}

@article{StatistiqueCanada:2018uu,
author = {{Statistics Canada}},
title = {{L'av{\`e}nement des femmes dans le milieu de travail}},
journal = {Megatendances canadiennes},
year = {2018}
}

@article{Fiero:2016di,
author = {Fiero, Mallorie H and Huang, Shuang and Oren, Eyal and Bell, Melanie L},
title = {{Statistical analysis and handling of missing data in cluster randomized trials: a systematic review}},
journal = {Trials},
year = {2016}
}

@article{loyserwomen:2017wp,
author = {Loyser, Melissa},
title = {{Women and Paid Work}},
year = {2017}
}

@article{Lesthaegh:2010ht,
author = {Lesthaegh, Ron J},
title = {{The Unfolding Story of the Second Demographic Transition}},
journal = {Population and Development Review},
year = {2010}
}

@techreport{Black:2004kp,
author = {Black, Sandra and Devereux, Paul and Salvanes, Kjell},
title = {{The More the Merrier? The Effect of Family Composition on Children's Education}},
institution = {National Bureau of Economic Research, Cambridge, MA},
year = {2004}
}

@article{Barrett:2015ec,
author = {Barrett, Alan},
title = {{Aging and the Labor Market}},
journal = {International Encyclopedia of the Social {\&} Behavioral Sciences},
year = {2015}
}

@article{Mayer:2018he,
author = {Mayer, Molly and Le Bourdais, C{\'e}line},
title = {{Sharing Parental Leave Among Dual-Earner Couples in Canada: Does Reserved Paternity Leave Make a Difference?}},
journal = {Population Research and Policy Review},
year = {2018}
}

@article{Martin:1982bo,
author = {Martin, Linda G},
title = {{Japanese response to an aging labor force}},
journal = {Population Research and Policy Review},
year = {1982}
}

@article{Eurostat:q250uZpC,
author = {{Eurostat}},
title = {{Duration of working life - statistics}},
year = {2019}
}

@article{Sullivan:1971hm,
author = {Sullivan, Daniel F},
title = {{A Single Index of Mortality and Morbidity}},
journal = {HSMHA Health Reports},
year = {1971}
}

@article{Anonymous:1963dc,
title = {{The "Life Cycle" Hypothesis of Saving: Aggregate Implications and Tests}},
year = {1963}
}

@article{Dotsey:2010iu,
author = {Dotsey, Michael and Li, Wenli and Yang, Fang},
title = {{Consumption and Time Use Over the Life Cycle}},
journal = {SSRN Electronic Journal},
year = {2010}
}

@article{Leridon:2015jc,
author = {Leridon, Henri},
title = {{Th{\'e}ories de la f{\'e}condit{\'e} : des d{\'e}mographes sous influence?}},
journal = {Population (french edition)},
year = {2015}
}

@article{Sugiyarto:2008ku,
author = {Sugiyarto, Guntur},
title = {{Measuring underemployment: does the cut-off point really matter?}},
journal = {Journal of the Asia Pacific Economy},
year = {2008}
}

@article{Agossou:2002dw,
author = {Agossou, Dominique},
title = {{The effect of international immigration on population aging in Canadian metropolitan and non-metropolitan areas}},
journal = {Cahiers qu{\'e}b{\'e}cois de d{\'e}mographie},
year = {2002}
}

@article{Piche:2013ir,
author = {Pich{\'e}, Victor},
title = {{Les th{\'e}ories migratoires contemporaines au prisme des textes fondateurs}},
journal = {Population},
year = {2013}
}

@article{Jseco:2014vc,
author = {{Jseco}},
title = {{Les composantes du march{\'e} du travail}},
year = {2014}
}

@article{Allan:2016fn,
author = {Allan, Blake A and Duffy, Ryan D and Blustein, David L},
title = {{Under (and Over) Employment: Measurement and Correlates of Employment Discrepancy}},
journal = {The Counseling Psychologist},
year = {2016}
}

@article{Ruggles:2015ke,
author = {Ruggles, Steven},
title = {{Patriarchy, Power, and Pay: The Transformation of American Families, 1800{\textendash}2015}},
journal = {Demography},
year = {2015}
}

@article{Prause:1997hc,
author = {Prause, JoAnn and Dooley, David},
title = {{Effect of underemployment on school-leavers' self-esteem}},
journal = {Journal of Adolescence},
year = {1997}
}

@incollection{Prause:2011un,
author = {Prause, JoAnn and Dooley, David},
title = {{Youth Underemployment}},
booktitle = {Underemployment: Psychological, Economic, and Social Challenges},
year = {2011}
}

@article{Peyre:1960tj,
author = {Peyre, C},
title = {{Ari{\`e}s Philippe, L'enfant et la vie familiale sous l'Ancien R{\'e}gime.}},
journal = {Revue fran{\c c}aise de sociologie},
year = {1960}
}

@book{Starobinski:1988ug,
author = {Starobinski, Jean},
title = {{Jean-Jacques Rousseau, Transparency and Obstruction}},
publisher = {Chicago : University of Chicago Press},
year = {1988}
}

@article{Peng:2007ec,
author = {Peng, Xiujian and Fausten, Dietrich},
title = {{Population ageing and labour supply prospects in China from 2005 to 2050}},
journal = {Asia-Pacific Population Journal},
year = {2007}
}

@article{Salais:1989di,
author = {Salais, Robert},
title = {{L'analyse {\'e}conomique des conventions du travail}},
journal = {Revue {\'e}conomique},
year = {1989}
}

@article{Masaidov:2012tv,
author = {Masaidov, Davron},
title = {{The Determinants of Job Durations in Canada}},
year = {2012}
}

@article{Antonin:2009up,
author = {Antonin, Celine},
title = {{{\^A}ge, revenu et comportements d{\textquoteright}{\'e}pargne des m{\'e}nages Une analyse th{\'e}orique et empirique sur la p{\'e}riode 1978-2006}},
year = {2009}
}

@article{Hazan:2009fi,
author = {Hazan, Moshe},
title = {{Longevity and Lifetime Labor Supply: Evidence and Implications}},
journal = {Econometrica},
year = {2009}
}

@article{Remery:ti,
author = {Remery, C and Henkens, K and and, J Schippers Population research},
title = {{Managing an aging workforce and a tight labor market: views held by Dutch employers}},
journal = {Springer}
}

@article{Brown:2017dq,
author = {Brown, Robert L and Aris, Shantel},
title = {{Greener Pastures: Resetting the Age of Eligibility for Social Security Based on Actuarial Science}},
journal = {SSRN Electronic Journal},
year = {2017}
}

@article{Major:2018tl,
author = {Major, Marie-Jos{\'e}e LSD DST},
title = {{Guide to the Labour Force Survey 2017}},
year = {2018}
}

@techreport{Goldin:2006hp,
author = {Goldin, Claudia},
title = {{The Quiet Revolution that Transformed Women's Employment, Education, and Family}},
institution = {National Bureau of Economic Research, Cambridge, MA},
year = {2006}
}

@incollection{brugiavini_maternity_2011,
author = {Brugiavini, Agar and Pasini, Giacomo and Trevisan, Elisabetta},
title = {{Maternity and Labour Market Outcome: Short and Long Term Effects}},
booktitle = {The Individual and the Welfare State},
year = {2011}
}

@article{Drolet:2011tu,
author = {Drolet, Marie},
title = {{Why has the gender wage gap narrowed}},
journal = {Perspectives on Labour and Income},
year = {2011}
}

@incollection{angelini_homeownership_2011,
author = {Angelini, Viola and Laferr{\`e}re, Anne and Weber, Guglielmo},
title = {{Homeownership in Old Age at the Crossroad Between Personal and National Histories}},
booktitle = {The Individual and the Welfare State},
year = {2011}
}

@book{halfon_cairo_2007,
author = {Halfon, Saul E},
title = {{The Cairo Consensus: Demographic Surveys, Women's Empowerment, and Regime Change in Population Policy}},
publisher = {Lexington Books},
year = {2007}
}

@article{Fougere:2011ht,
author = {Foug{\`e}re, Maxime and Harvey, Simon and Rainville, Bruno},
title = {{Would an Increase in High-Skilled Immigration in Canada Benefit Workers?}},
journal = {Economics Research International},
year = {2011}
}

@incollection{borsch-supan_employment_2011,
author = {B{\"o}rsch-Supan, Axel and Schr{\"o}der, Mathis},
title = {{Employment and Health at 50+: An Introduction to a Life History Approach to European Welfare State Interventions}},
booktitle = {The Individual and the Welfare State},
year = {2011}
}

@article{Delic:2013bl,
author = {Delic, Senada},
title = {{Measurement of labour market attachment in the northern Canadian context: Conceptual and methodological issues}},
journal = {Revue Interventions {\'e}conomiques},
year = {2013}
}

@article{Anonymous:Q3DeoX6D,
author = {BENIN, REPUBLIQUE DU},
title = {{Loi n{\textdegree} 2013-001 Portant code foncier et domanial en R{\'e}publique du B{\'e}nin}},
year = {2013}
}

@article{Phelan:2010ct,
author = {Phelan, Jo C and Link, Bruce G and Tehranifar, Parisa},
title = {{Social Conditions as Fundamental Causes of Health Inequalities: Theory, Evidence, and Policy Implications:}},
journal = {Journal of Health and Social Behavior},
year = {2010}
}

@book{ElderJr:2007kj,
author = {Elder Jr., Glen H and Shanahan, Michael J},
title = {{The Life Course and Human Development}},
publisher = {John Wiley {\&} Sons, Inc.},
year = {2007}
}

@article{Fleury:2017wq,
author = {Fleury, Charles},
title = {{Vieillissement de la main-d{\textquoteright}{\oe}uvre qu{\'e}b{\'e}coise : le cas de la g{\'e}n{\'e}ration X}},
year = {2017}
}

@article{vandeWalle:2015wb,
author = {van de Walle, D and Ravallion, M and Mendiratta, V},
title = {{Long-Term Gains from Electrification in Rural India}},
journal = {The World Bank },
year = {2015}
}

@article{GonzalezEiras:2012bz,
author = {Gonzalez-Eiras, Mart{\'\i}n and Niepelt, Dirk},
title = {{Ageing, government budgets, retirement, and growth}},
journal = {European Economic Review},
year = {2012}
}

@article{Kifle:2018ba,
author = {Kifle, T and Kler, P and Shankar, S},
title = {{The Underemployment-Job Satisfaction Nexus: A Study of Part-Time Employment in Australia}},
journal = {Social Indicators Research},
year = {2018}
}

@article{Aguiar:2007wl,
author = {Aguiar, Mark and Hurst, Erik},
title = {{The Permanent Income Hypothesis An Entry Prepared for the New Palgrave Dictionary of Economics}},
year = {2007}
}

@article{Damodaran:2007he,
author = {Damodaran, Aswath},
title = {{Return on Capital (ROC), Return on Invested Capital (ROIC) and Return on Equity (ROE): Measurement and Implications}},
journal = {SSRN Electronic Journal},
year = {2007}
}

@article{Mason:1988fz,
author = {Mason, Andrew},
title = {{Saving, Economic Growth, and Demographic Change}},
journal = {Population and Development Review},
year = {1988}
}

@phdthesis{Chakrabarti:2013intro,
author = {Chakrabarti, Saurabh},
title = {{Underemployment and some related socio economic factors problem of measurement and prediction}},
school = {Department of Statistics},
year = {2013}
}

@book{Canning:2015bl,
author = {Canning, David and Raja, Sangeeta and Yazbeck, Abdo S},
editor = {Canning, David and Raja, Sangeeta and Yazbeck, Abdo S},
title = {{Africa's Demographic Transition}},
publisher = {World Bank Publications},
year = {2015}
}

@article{Landry:1934iw,
author = {Landry, Adolphe},
title = {{La Revolution Demographique: Etudes et essais sur les problemes de la population.}},
journal = {International Affairs (Royal Institute of International Affairs 1931-1939)},
year = {1934}
}

@article{StatisticsCanada:2019wk,
author = {{Statistics Canada}},
title = {{Tableau 14-10-0060-01 : {\^A}ge de la retraite selon la cat{\'e}gorie de travailleur, donn{\'e}es annuelles}},
year = {2019}
}

@article{Nobles:2015il,
author = {Nobles, Jenna and Frankenberg, Elizabeth and Thomas, Duncan},
title = {{The Effects of Mortality on Fertility: Population Dynamics After a Natural Disaster}},
journal = {Demography},
year = {2015}
}

@article{McDaniel:2013kf,
author = {Watt-Malcolm, Bonnie and Wong, Lloyd and McDaniel, Susan A},
title = {{Is the math sufficient? Aging workforce and the future labour market in Canada}},
year = {2013}
}

@article{Anonymous:2012vz,
title = {{The Influence of Age on Consumption}},
year = {2012}
}

@book{Keynes:2019wh,
author = {Keynes, John Maynard and Press, General},
title = {{The General Theory of Employment, Interest, and Money}},
publisher = {GENERAL PRESS},
year = {2019}
}

@article{Grimmett:2002hf,
author = {Grimmett, Peter P and Echols, Frank H},
title = {{Teacher and Administrator Shortages in Changing Times}},
journal = {Canadian Journal of Education / Revue canadienne de l'{\'e}ducation},
year = {2002}
}

@article{ilo:1998icls,
author = {{International Labour Organization ILO}},
title = {{Resolution concerning the measurement of underemployment and inadequate employment situations, adopted by the Sixteenth International Conference of Labour Statisticians}},
year = {1998}
}

@article{Walling:2010jl,
author = {Walling, Annette and Clancy, Gareth},
title = {{Underemployment in the UK labour market}},
journal = {Economic {\&} Labour Market Review},
year = {2010}
}

@incollection{Auerbach:2000wg,
author = {Auerbach, Alan J and Oreopoulos, Philip},
title = {{The Fiscal Effects of U.S. Immigration: A Generational-Accounting Perspective}},
booktitle = {Tax Policy and the Economy, Volume 14},
year = {2000}
}

@article{Deaton:2005vr,
author = {Deaton, A},
title = {{Franco Modigliani and the Life Cycle Theory of Consumption}},
year = {2005}
}

@article{Dormont:2012vz,
author = {Dormont, Brigitte and Huber, H{\'e}l{\`e}ne},
title = {{Vieillissement de la population et croissance des d{\'e}penses de sant{\'e}}},
year = {2012}
}

@article{Banks:1998vh,
author = {Banks, James and Blundell, Richard and Tanner, Sarah},
title = {{Is There a Retirement-Savings Puzzle?}},
year = {1998}
}

@article{BenLennoxKail:2012gr,
author = {Ben Lennox Kail and Warner, David F},
title = {{Leaving Retirement: Age-Graded Relative Risks of Transitioning Back to Work or Dying}},
journal = {Population Research and Policy Review},
year = {2012}
}

@article{Frosch:2011dd,
author = {Frosch, Katharina H},
title = {{Workforce Age and Innovation: A Literature Survey}},
journal = {International Journal of Management Reviews},
year = {2011}
}

@article{Preston:1975id,
author = {Preston, Samuel H and Richards, Alan Thomas},
title = {{The Influence of Women's Work Opportunities on Marriage Rates}},
journal = {Demography},
year = {1975}
}

@article{Dooley:1998ds,
author = {Dooley, D and Prause, JoAnn},
title = {{Underemployment and alcohol misuse in the National Longitudinal Survey of Youth.}},
journal = {Journal of Studies on Alcohol},
year = {1998}
}

@article{Latif:2015fx,
author = {Latif, Ehsan},
title = {{The relationship between immigration and unemployment: Panel data evidence from Canada}},
journal = {Economic Modelling},
year = {2015}
}

@article{Riley:2010cc,
author = {Riley, Gerald F and Lubitz, James D},
title = {{Long-Term Trends in Medicare Payments in the Last Year of Life}},
journal = {Health Services Research},
year = {2010}
}

@article{Martel:tj,
author = {Martel, Laurent and L{\'e}gar{\'e}, Jacques and Trottier, Helen and Berthelot, Jean-Marie and Houle, Christian},
title = {{Living at home or in an institution: what makes the difference for seniors? [1996/97 data] - ProQuest}},
journal = {search.proquest.com
}
}

@incollection{christelis_impact_2011,
author = {Christelis, Dimitris and Dobrescu, Loretti and Motta, Alberto},
title = {{The Impact of Childhood Health and Cognition on Portfolio Choice}},
booktitle = {The Individual and the Welfare State},
year = {2011}
}

@article{Anonymous:EGStN2Yw,
title = {{Using array structures in L}},
year = {2008}
}

@article{Notestein:1945vc,
author = {Notestein, F W},
title = {{Population: the long view.}},
journal = {University of Chicago Press},
year = {1945}
}

@article{Bouchard:2005tt,
author = {Bouchard, Lucien and Fortin, Pierre},
title = {{Pour un Qu{\'e}bec lucide}},
year = {2005}
}

@article{Johnson:2001uv,
author = {Johnson, Malcolm},
title = {{The conception of old age in gerontological theories}},
journal = {Retraite et Societe},
year = {2001}
}

@article{card_impact_1990,
author = {Card, David},
title = {{The Impact of the Mariel Boatlift on the Miami Labor Market}},
journal = {Industrial and Labor Relations Review},
year = {1990}
}

@article{Lewandowski:2017vo,
author = {Lewandowski, Piotr and Rutkowski, Jan},
title = {{POPULATION AGEING, LABOUR MARKET AND PUBLIC FINANCE IN POLAND}},
year = {2017}
}

@article{Anderlucci:2014do,
author = {Anderlucci, Laura and Hennig, Christian},
title = {{The Clustering of Categorical Data: A Comparison of a Model-based and a Distance-based Approach}},
journal = {Communications in Statistics - Theory and Methods},
year = {2014}
}

@article{Chojnicki:2011vu,
author = {Chojnicki, Xavier},
title = {{Fiscal impact of immigration in France}},
journal = {Revue {\'e}conomique},
year = {2011}
}

@incollection{Hewitt:2012jw,
author = {Hewitt, Belinda},
title = {{Who Gets Divorced? The Social Determinants of Marital Separation over the Life Course}},
booktitle = {A Life Course Perspective on Health Trajectories and Transitions},
year = {2012}
}

@article{Partridge:2008up,
author = {Partridge, Jamie and Furtan, William Hartley},
title = {{Increasing Canada's International Competitiveness: Is There a Link between Skilled Immigrants and Innovation?}},
journal = {American Agricultural Economics},
year = {2008}
}

@book{Financial:2011tj,
author = {Financial, S L},
title = {{When Do Canadians Expect to Retire? Canadian Unretirement Index Report
}},
publisher = {Section},
year = {2011}
}

@article{Hodgson:1983dl,
author = {Hodgson, Dennis},
title = {{Demography as Social Science and Policy Science}},
journal = {Population and Development Review},
year = {1983}
}

@incollection{Lesthaegh:1995ta,
author = {Lesthaegh, Ron J},
title = {{La deuxi{\`e}me transition d{\'e}mographique dans les pays occidentaux: une interpr{\'e}tation}},
year = {1995}
}

@article{Calves:2016hz,
author = {Calv{\`e}s, Anne-Emmanu{\`e}le},
title = {{First union formation in urban Burkina Faso: Competing relationship transitions to marriage or cohabitation}},
journal = {Demographic Research},
year = {2016}
}

@article{Ohtake:2004tv,
author = {Ohtake, Fumio and Saito, Makoto},
title = {{Population aging and Consumption inequality in Japan}},
year = {2004}
}

@article{Johnson:2002we,
author = {Johnson, Richard},
title = {{The puzzle of later male retirement}},
journal = {Economic Review-Federal Reserve Bank of },
year = {2002}
}

@book{Anonymous:IsHa3jot,
title = {{The Family, the Market or the State?}}
}

@article{Golaz:2012ws,
author = {Golaz, Val{\'e}rie and Nowik, Laurent and Sajoux, Muriel},
title = {{L{\textquoteright}Afrique, un continent jeune face au d{\'e}fit  du vieillissement}},
year = {2012}
}

@article{Contreras:2011jz,
author = {Contreras, D and de Mello, L and Puentes, E},
title = {{The determinants of labour force participation and employment in Chile}},
journal = {Applied Economics},
year = {2011}
}

@article{Silverstein:2006fc,
author = {Silverstein, M and Cong, Z and Li, S},
title = {{Intergenerational Transfers and Living Arrangements of Older People in Rural China: Consequences for Psychological Well-Being}},
journal = {The Journals of Gerontology Series B: Psychological Sciences and Social Sciences},
year = {2006}
}

@article{Anonymous:2014vo,
title = {{Quatre-vingt-dix ans de changements dans l{\textquoteright}esp{\'e}rance de vie}},
year = {2014}
}

@article{friedberg_impact_2001,
author = {Friedberg, Rachel M},
title = {{The Impact of Mass Migration on the Israeli Labor Market}},
year = {2001}
}

@article{Cheng:2019dn,
author = {Cheng, Xunjie and Tan, Liheng and Gao, Yuyan and Yang, Yang and Schwebel, David C and Hu, Guoqing},
title = {{A new method to attribute differences in total deaths between groups to population size, age structure and age-specific mortality rate}},
journal = {Plos One},
year = {2019}
}

@article{Gower:1971hk,
author = {Gower, J C},
title = {{A General Coefficient of Similarity and Some of Its Properties}},
journal = {Biometrics},
year = {1971}
}

@incollection{borsch-supan_work_2011,
author = {B{\"o}rsch-Supan, Axel and Roth, Henning},
title = {{Work Disability and Health Over the Life Course}},
booktitle = {The Individual and the Welfare State},
year = {2011}
}

@article{Clark:2007ui,
author = {Clark, Warren},
title = {{Delayed transitions of young adults}},
journal = {Canadian Social Trends},
year = {2007}
}

@incollection{Leibfritz:2008bh,
author = {Leibfritz, Willi and Roeger, Werner},
title = {{The Effects of Aging on Labor Markets and Economic Growth}},
booktitle = {Demographic Change in Germany},
year = {2008}
}

@article{Bongaarts:2002hx,
author = {Bongaarts, J and Zimmer, Z},
title = {{Living Arrangements of Older Adults in the Developing World: An Analysis of Demographic and Health Survey Household Surveys}},
journal = {The Journals of Gerontology Series B: Psychological Sciences and Social Sciences},
year = {2002}
}

@article{Grimm:2015gy,
author = {Grimm, Michael and Sparrow, Robert and Tasciotti, Luca},
title = {{Does Electrification Spur the Fertility Transition? Evidence From Indonesia}},
journal = {Demography},
year = {2015}
}

@article{Donner:1974jq,
author = {Donner, Arthur and Lazar, Fred},
title = {{Employment Expectations and Labour Force Participation in Canada}},
journal = {Relations industrielles},
year = {1974}
}

@article{Seater:1998ux,
author = {Seater, John J},
title = {{Testing the permanent-income/Life-cycle hypothesis with aggregate data}},
year = {1998}
}

@book{Skoog:2011dj,
author = {Skoog, Gary R and Ciecka, James E and Krueger, Kurt V},
title = {{The Markov Process Model of Labor Force Activity: Extended Tables of Central Tendency, Shape, Percentile Points, and Bootstrap Standard Errors}},
publisher = { National Association of Forensic Economics},
year = {2011}
}

@article{Gaullier:2002ke,
author = {Gaullier, Xavier},
title = {{RETIREMENT, EARLY RETIREMENT AND LIFE{\textquoteright}S STAGES}},
journal = {Gerontologie et societe},
year = {2002}
}

@article{icis:2016vp,
author = {{Institut canadien d'information sur la sant{\'e}}},
title = {{Tendances des d{\'e}penses nationales de sant{\'e}, 1975 {\`a} 2016}},
year = {2016}
}

@book{Anonymous:7JIAZdEv,
title = {{Population Aging and the Generational Economy: A Global Perspective}}
}

@article{Akbari:1989fh,
author = {Akbari, Ather H},
title = {{The Benefits of Immigrants to Canada: Evidence on Tax and Public Services}},
journal = {Canadian Public Policy / Analyse de Politiques},
year = {1989}
}

@book{Anonymous:2016uf,
title = {{Economic Foundations for Creative Ageing Policy, Volume II}},
publisher = {Palgrave Macmillan US},
year = {2016}
}

@article{Dao:2014hd,
author = {Dao, Ha and Godbout, Luc and Fortin, Pierre},
title = {{On the Importance of Taking End-of-Life Expenditures into Account when Projecting Health-Care Spending}},
journal = {Canadian Public Policy},
year = {2014}
}

@article{Sobotka:2008vq,
author = {Sobotka, Tom{\'a}{\v s} and Toulemon, Laurent},
title = {{Overview Chapter 4: Changing family and partnership behaviour: Common trends and persistent diversity across Europe}},
journal = {Demographic Research},
year = {2008}
}

@article{Javdani:2013gu,
author = {Javdani, Mohsen and Pendakur, Krishna},
title = {{Fiscal Effects of Immigrants in Canada}},
journal = {Journal of International Migration and Integration},
year = {2013}
}

@article{Watson:2017wz,
author = {Watson, Ian},
title = {{Publication quality tables in Stata}},
year = {2017}
}

@article{Godbout:2010je,
author = {Godbout, Luc and St-Cerny, Suzie},
title = {{Que repr{\'e}sente la valeur des aides publiques en regard du co{\^u}t des enfants au Qu{\'e}bec ?}},
journal = {Sant{\'e}, Soci{\'e}t{\'e} et Solidarit{\'e}},
year = {2010}
}

@article{EspingAndersen:2015gc,
author = {Esping Andersen, G{\o}sta and Billari, Francesco C},
title = {{Re-theorizing Family Demographics}},
journal = {Population and Development Review},
year = {2015}
}

@incollection{brandt_early_2011,
author = {Brandt, Martina and Hank, Karsten},
title = {{Early and Later Life Experiences of Unemployment Under Different Welfare Regimes}},
booktitle = {The Individual and the Welfare State},
year = {2011}
}

@article{Hoem:2008ul,
author = {Hoem, Jan M},
title = {{Overview Chapter 8: The impact of public policies on European fertility}},
journal = {Demographic Research},
year = {2008}
}

@article{Heckman:2005jb,
author = {Heckman, James J},
title = {{The Scientific Model of Causality}},
journal = {Sociological Methodology},
year = {2005}
}

@article{Anonymous:1963dca,
title = {{The "Life Cycle" Hypothesis of Saving: Aggregate Implications and Tests}},
year = {1963}
}

@article{Weller:2009en,
author = {Weller, Christian E},
title = {{Pension Design in the Crisis}},
journal = {Public Policy {\&} Aging Report},
year = {2009}
}

@article{Canning:2003km,
author = {Bloom, David E and Canning, David and Sevilla, Jaypee},
title = {{The Demographic Dividend}},
journal = {Foreign Affairs},
year = {2003}
}

@incollection{cavapozzi_human_2011,
author = {Cavapozzi, Danilo and Fiume, Alessio and Garrouste, Christelle and Weber, Guglielmo},
title = {{Human Capital Accumulation and Investment Behaviour}},
booktitle = {The Individual and the Welfare State},
year = {2011}
}

@article{VanBavel:2010bi,
author = {Van Bavel, Jan},
title = {{Subreplacement fertility in the West before the baby boom: Past and current perspectives}},
journal = {Population Studies},
year = {2010}
}

@article{Lestrade:2005dd,
author = {Lestrade, Brigitte},
title = {{Ch{\^o}mage de masse et p{\'e}nurie de main d{\textquoteright}{\oe}uvre qualifi{\'e}e}},
journal = {Le mod{\`e}le social allemand en mutation},
year = {2005}
}

@article{Anonymous:1963dcb,
title = {{The "Life Cycle" Hypothesis of Saving: Aggregate Implications and Tests}},
year = {1963}
}

@article{Barabasch:2013hb,
author = {Barabasch, Antje and Watt-Malcolm, Bonnie},
title = {{Teacher preparation for vocational education and training in Germany: a potential model for Canada?}},
journal = {Compare: A Journal of Comparative and International Education},
year = {2013}
}

@article{Winefield:1997ik,
author = {Winefield, A H},
title = {{Editorial: Introduction to the psychological effects of youth unemployment: international perspectives}},
journal = {Journal of Adolescence},
year = {1997}
}

@article{dAlbis:2019de,
author = {d'Albis, Hippolyte and Bonnet, Carole and Chojnicki, Xavier and El Mekkaoui, Najat and Greulich, Angela and Hubert, J{\'e}r{\^o}me and NAVAUX, Julien},
title = {{Financing the Consumption of the Young and Old in France}},
journal = {Population and Development Review},
year = {2019}
}

@article{Bourque:2008bp,
author = {Bourque, M{\'e}lanie},
title = {{Agir maintenant pour le Qu{\'e}bec de demain, sous la direction de Luc Godbout. -}},
journal = {Canadian Journal of Political Science/Revue canadienne de science politique},
year = {2008}
}

@article{Aalen:2012dm,
author = {Aalen, Odd O and R{\o}ysland, Kjetil and Gran, Jon Michael and Ledergerber, Bruno},
title = {{Causality, mediation and time: a dynamic viewpoint}},
journal = {Journal of the Royal Statistical Society. Series A (Statistics in Society)},
year = {2012}
}

@article{Piche:1990hw,
author = {Pich{\'e}, Victor and Poirier, Jean},
title = {{Theories of Demographic Transition: Toward a Certain Convergence?}},
journal = {Sociologie et soci{\'e}t{\'e}s},
year = {1990}
}

@article{picot2003rise,
author = {Picot, Garnett and Hou, Feng},
title = {{The Rise in Low-income Rates Among Immigrants in Canada}},
year = {2003}
}

@article{Cheron:2013bk,
author = {Ch{\'e}ron, Arnaud and Hairault, Jean-Olivier and Langot, Fran{\c c}ois},
title = {{Life-Cycle Equilibrium Unemployment}},
journal = {Journal of Labor Economics},
year = {2013}
}

@article{Gilbert:2013jj,
author = {Gilbert, Patrick and Raulet-Croset, Nathalie and Mourey, Damien and Triomphe, Christine},
title = {{Pour une contribution de la th{\'e}orie de l'activit{\'e} au changement organisationnel}},
journal = {@GRH},
year = {2013}
}

@article{InternationalMonetaryFund:2009dw,
author = {{International Monetary Fund}},
title = {{The IMF on the Fiscal Impact of Population Aging}},
journal = {Population and Development Review},
year = {2009}
}

@article{Wilkins:2007fk,
author = {Wilkins, Roger},
title = {{The Consequences of Underemployment for the Underemployed:}},
journal = {Journal of Industrial Relations},
year = {2007}
}

@article{Knodel:1990ix,
author = {Knodel, John and Havanon, Napaporn and Sittitrai, Werasit},
title = {{Family Size and the Education of Children in the Context of Rapid Fertility Decline}},
journal = {Population and Development Review},
year = {1990}
}

@article{LeDevoir:2010vi,
author = {{Le Devoir}},
title = {{Les d{\'e}penses en sant{\'e} au Qu{\'e}bec, les plus faibles au Canada}},
journal = {Le Devoir},
year = {2010}
}

@article{Officer:1969hy,
author = {Officer, Lawrence H and Andersen, Peter R},
title = {{Labour-Force Participation in Canada}},
journal = {The Canadian Journal of Economics / Revue canadienne d'Economique},
year = {1969}
}

@book{Anonymous:Y7Dd9IVI,
title = {{The Economics of Multitasking}},
publisher = {Palgrave Macmillan, New York}
}

@article{Wong:2015uz,
author = {Wong, Arlene},
title = {{Population Aging and the Transmission of Monetary Policy to Consumption}},
year = {2015}
}

@article{Carroll:2006to,
author = {Carroll, Christopher D},
title = {{Consumption and Saving: Theory and Evidence}},
journal = {NBER Working Paper},
year = {2006}
}

@incollection{Mills:2012cd,
author = {Mills, Melinda and Blossfeld, Hans-Peter},
title = {{The Second Demographic Transition Meets Globalization: A Comprehensive Theory to Understand Changes in Family Formation in an Era of Rising Uncertainty}},
booktitle = {A Life Course Perspective on Health Trajectories and Transitions},
year = {2012}
}

@article{Lefebvre:2012ve,
author = {Lefebvre, Pierre and Merrigan, Philip and Michaud, Pierre Carl},
title = {{The Recent Evolution of Retirement Patterns in Canada}},
journal = {CIRANO Working Papers},
year = {2012}
}

@article{Fleury:2008dp,
author = {Fleury, Charles},
title = {{La g{\'e}n{\'e}ration X au Qu{\'e}bec~: une g{\'e}n{\'e}ration sacrifi{\'e}e~?}},
journal = {Recherches sociographiques},
year = {2008}
}

@article{Sheiner:2006wx,
author = {Sheiner, Louise and Sichel, Daniel and Slifman, Lawrence},
title = {{A Primer on the Macroeconomic Implications of Population Aging}},
year = {2006}
}

@article{Zhou:2013uc,
author = {Zhou, Meng},
title = {{Microsimulation Statistical methodology and assessment of uncertainty}},
year = {2013}
}

@article{Gontero:2006vc,
author = {Gontero, Sonia Ines and Boudarbat, Brahim},
title = {{Participation des femmes au march{\'e} du travail canadien. Estimation des fonctions d{\textquoteright}offre de travail selon le statut d{\textquoteright}immigrant}},
year = {2006}
}

@article{Lesnard:2006vq,
author = {Lesnard, Laurent},
title = {{Optimal Matching and Social Sciences}},
year = {2006}
}

@article{Attanasio:2010jt,
author = {Attanasio, Orazio P and Weber, Guglielmo},
title = {{Consumption and Saving: Models of Intertemporal Allocation and Their Implications for Public Policy}},
journal = {Journal of Economic literature},
year = {2010}
}

@article{yong_trends_2009,
author = {Yong, Vanessa and Saito, Yasuhiko},
title = {{Trends in healthy life expectancy in Japan: 1986 - 2004}},
journal = {Demographic Research},
year = {2009}
}

@incollection{Bodvarsson:2013ky,
author = {Bodvarsson, {\"O}rn B and Van den Berg, Hendrik},
title = {{Immigration Policy in Canada}},
booktitle = {The Economics of Immigration},
year = {2013}
}

@article{ruggles_decline_2007,
author = {Ruggles, Steven},
title = {{The Decline of Intergenerational Coresidence in the United States, 1850 to 2000.}},
journal = {American Sociological Review},
year = {2007}
}

@article{Lee:2010tt,
author = {Lee, Sang-Hyop},
title = {{Introduction to National Transfer Accounts}},
year = {2010}
}

@article{Dungan:2013jp,
author = {Dungan, Peter and Fang, Tony and Gunderson, Morley},
title = {{Macroeconomic Impacts of Canadian Immigration: Results from a Macro Model}},
journal = {British Journal of Industrial Relations},
year = {2013}
}

@book{Anonymous:PXHwKcGM,
title = {{Encyclopedia of Geropsychology}},
publisher = {Springer Singapore}
}

@article{WANNER:2000wg,
author = {WANNER, Philippe and FEI, Peng and DUCHENE, Josianne},
title = {{Une application de la m{\'e}thode Age, P{\'e}riode, Cohorte (APC)}},
year = {2000}
}

@incollection{Weiner:1984jy,
author = {Weiner, Stuart E},
title = {{A Survival Analysis of Adult Male Black/White Labor Market Flows}},
booktitle = {Studies in Labor Market Dynamics},
year = {1984}
}

@article{Carpentier:2013ke,
author = {Carpentier, Normand and White, Deena},
title = {{Life Course Perspective and Sociology of Individuation}},
journal = {Sociologie et soci{\'e}t{\'e}s},
year = {2013}
}

@article{BrschSupan:1991iw,
author = {B rsch-Supan, Axel and Stahl, Konrad},
title = {{Life cycle savings and consumption constraints}},
journal = {Journal of population economics},
year = {1991}
}

@article{Hermansen:2017ht,
author = {Hermansen, Are Skeie},
title = {{Age at Arrival and Life Chances Among Childhood Immigrants.}},
journal = {Demography},
year = {2017}
}

@article{Mineur:2010jt,
author = {Mineur, Didier},
title = {{Justifying the rule of majority in modern democracy}},
journal = {Raisons Politiques},
year = {2010}
}

@article{Reppond:2012df,
author = {Reppond, Harmony A},
title = {{The Importance of Studying Underemployment}},
journal = {Analyses of Social Issues and Public Policy},
year = {2012}
}

@article{Foot:1989jt,
author = {Foot, David K},
title = {{Public expenditures, population aging and economic dependency in Canada, 1921{\textendash}2021}},
journal = {Population Research and Policy Review},
year = {1989}
}

@book{sanderson2019prospective,
author = {Sanderson, Warren C and Scherbov, Sergei},
title = {{Prospective Longevity: A New Vision of Population Aging}},
publisher = {Harvard University Press},
year = {2019}
}

@article{Gauthier:2008ba,
author = {Gauthier, Anne H and Philipov, Dimiter},
title = {{Can policies enhance fertility in Europe?}},
journal = {Vienna Yearbook of Population Research},
year = {2008}
}

@article{Fraley:1998gn,
author = {Fraley, C and Raftery, A E},
title = {{How Many Clusters? Which Clustering Method? Answers Via Model-Based Cluster Analysis}},
journal = {The Computer Journal},
year = {1998}
}

@article{Iacovetta:1996dg,
author = {Iacovetta, Franca and Quinlan, Michael and Radforth, Ian},
title = {{Immigration and Labour: Australia and Canada Compared}},
journal = {Labour History},
year = {1996}
}

@article{Kassambara:2017vb,
author = {Kassambara, Alboukadel},
title = {{Practical Guide To Cluster Analysis in R}},
year = {2017}
}

@article{Mossakowski:2008ec,
author = {Mossakowski, Krysia N},
title = {{Is the duration of poverty and unemployment a risk factor for heavy drinking?}},
journal = {Social Science {\&} Medicine},
year = {2008}
}

@article{Tang:2006ef,
author = {Tang, Jianmin and MacLeod, Carolyn},
title = {{Labour Force Ageing and Productivity Performance in Canada}},
journal = {The Canadian Journal of Economics / Revue canadienne d'Economique},
year = {2006}
}

@article{Dejuan:2005uw,
author = {Dejuan, Joseph P and Seater, John J},
title = {{A Simple Test of Friedman{\textquoteright}s Permanent Income Hypothesis}},
year = {2005}
}

@article{Wakabayashi:2005gz,
author = {Wakabayashi, Chizuko and Donato, Katharine M},
title = {{The Consequences of Caregiving: Effects on Women{\textquoteright}s Employment and Earnings}},
journal = {Population Research and Policy Review},
year = {2005}
}

@article{Li:2006uu,
author = {Li, Chris and Gervais, Ginette and Duval, Aurelie},
title = {{The Dynamics of Overqualification: Canada{\textquoteright}s Underemployed University Graduates }},
year = {2006}
}

@article{UnitedNations:2007ul,
author = {{United Nations}},
title = {{Demographic transition and demographic dividends in developed and developing countries}},
journal = {United Nations expert group meeting on social and },
year = {2007}
}

@article{Ruggles:2008gg,
author = {Ruggles, Steven and Heggeness, Misty},
title = {{Intergenerational Coresidence in Developing Countries}},
journal = {Population and Development Review},
year = {2008}
}

@article{Longhi:2006vr,
author = {Longhi, Simonetta and Nijkamp, Peter and Poot, Jacques},
title = {{The Impact of Immigration on the Employment of Natives in Regional Labour Markets: A Meta-Analysis}},
year = {2006}
}

@article{Belanger:2016gb,
author = {B{\'e}langer, Alain and Carri{\`e}re, Yves and Sabourin, Patrick},
title = {{Understanding Employment Participation of Older Workers: The Canadian Perspective}},
journal = {Canadian Public Policy},
year = {2016}
}

@article{Lee:2000kt,
author = {Lee, Ronald Demos and Miller, Timothy W},
title = {{Immigration, Social Security, and Broader Fiscal Impacts}},
journal = {The American Economic Review},
year = {2000}
}

@article{Hu:2011kt,
author = {Hu, Mei-Chen and Pavlicova, Martina and Nunes, Edward V},
title = {{Zero-Inflated and Hurdle Models of Count Data with Extra Zeros: Examples from an HIV-Risk Reduction Intervention Trial}},
journal = {The American Journal of Drug and Alcohol Abuse},
year = {2011}
}

@article{Thorne:2009jg,
author = {Thorne, Barrie},
title = {{{\textquotedblleft}Childhood{\textquotedblright}: Changing and Dissonant Meanings}},
journal = {International Journal of Learning and Media},
year = {2009}
}

@techreport{BoerschSupan:2001bc,
author = {Boersch-Supan, Axel},
title = {{Labor Market Effects of Population Aging}},
institution = {National Bureau of Economic Research, Cambridge, MA},
year = {2001}
}

@book{Anonymous:WZSh9gW_,
title = {{Handbook of Sociology of Aging}},
publisher = {Springer, New York, NY}
}

@article{Craciun:2017jw,
author = {Craciun, Catrinel and Gellert, Paul and Flick, Uwe},
title = {{Aging in Precarious Circumstances: Do Positive Views on Aging Make a Difference?}},
journal = {The Gerontologist},
year = {2017}
}

@article{Wasserstein:2019ji,
author = {Wasserstein, Ronald L and Schirm, Allen L and Lazar, Nicole A},
title = {{Moving to a World Beyond  "p < 0.05"}},
journal = {The American Statistician},
year = {2019}
}

@article{Huber:2009kx,
author = {Huber, H{\'e}l{\`e}ne},
title = {{Le vieillissement de la population va-t-il entrainer une explosion des d{\'e}penses de sant{\'e}~?}},
journal = {Regards crois{\'e}s sur l'{\'e}conomie},
year = {2009}
}

@article{Randall:2003gj,
author = {Randall, Sara and LeGrand, Thomas},
title = {{Strat{\'e}gies reproductives et prise de d{\'e}cision au S{\'e}n{\'e}gal: Le r{\^o}le de la mortalit{\'e} des enfants}},
journal = {Population (french edition)},
year = {2003}
}

@article{Ileri:2019hf,
author = {{\.{I}}leri, {\c{S}}erife Gen{\c c}},
title = {{Selective immigration policy and its impacts on Canada's native-born population: A general equilibrium analysis}},
journal = {Canadian Journal of Economics/Revue canadienne d'{\'e}conomique},
year = {2019}
}

@incollection{Black:wk,
author = {Black, Sandra E and Schanzenbach, Diane Whitmore and Breitwieser, Audrey},
title = {{The recent decline in women's labor force participation}},
booktitle = {The 51 percent: Driving Growth through Women{\textquoteright}s Economic Participation},
year = {2017}
}

@article{Feldman:1996dn,
author = {Feldman, Daniel C},
title = {{The Nature, Antecedents and Consequences of Underemployment}},
journal = {Journal of Management},
year = {1996}
}

@article{Taeb:2018fp,
author = {Taeb, Armeen and Chandrasekaran, Venkat},
title = {{Interpreting latent variables in factor models via convex optimization}},
journal = {Mathematical Programming},
year = {2018}
}

@article{Willson:2009bx,
author = {Willson, Andrea E},
title = {{'Fundamental causes' of health disparities: A comparative analysis of Canada and the United States}},
journal = {International Sociology},
year = {2009}
}

@book{Belanger:2017um,
author = {B{\'e}langer, Alain and Sabourin, Patrick},
title = {{Microsimulation and Population Dynamics}},
publisher = {Springer},
year = {2017}
}

@book{Evans:2013ee,
editor = {Evans, Ann and Baxter, Janeen},
title = {{Negotiating the Life Course}},
publisher = {Springer Netherlands},
year = {2013}
}

@article{Anonymous:2004gu,
title = {{The IMF on Policies Responding to Demographic Change}},
journal = {Population and Development Review},
year = {2004}
}

@article{Perrenoud:1987fm,
author = {Perrenoud, Alfred},
title = {{O{\`u} va la d{\'e}mographie historique ? Analyse du contenu de la Bibliographie internationale de la d{\'e}mographie historique}},
journal = {Annales de d{\'e}mographie historique},
year = {1987}
}

@article{Otterbach:2009df,
author = {Otterbach, Steffen},
title = {{Mismatches Between Actual and Preferred Work Time: Empirical Evidence of Hours Constraints in 21 Countries}},
journal = {Journal of Consumer Policy},
year = {2009}
}

@article{Andorka:1986ja,
author = {Andorka, Rudolf},
title = {{The Decline of Fertility in Europe}},
journal = {Population Index},
year = {1986}
}

@article{Castles:2006hk,
author = {Castles, Stephen},
title = {{Guestworkers in Europe: A Resurrection?}},
journal = {International migration review},
year = {2006}
}

@article{StatistiqueCanada:2009wj,
author = {{Statistics Canada}},
title = {{The Canadian Labour Market at a Glance}},
year = {2009}
}

@article{Bick:2019gv,
author = {Bick, Alexander and Br{\"u}ggemann, Bettina and Fuchs Sch{\"u}ndeln, Nicola},
title = {{Hours Worked in Europe and the United States: New Data, New Answers}},
journal = {The Scandinavian Journal of Economics},
year = {2019}
}

@article{Young:2016um,
author = {Young, Justin R and Mattingly, Marybeth J},
title = {{Underemployment among Hispanics: the case of involuntary part-time work}},
journal = {Monthly Labor Review},
year = {2016}
}

@article{Bowlby:2000wt,
author = {Bowlby, Geoff},
title = {{La transition des {\'e}tudes au march{\'e} du travail}},
journal = {Statistique Canada},
year = {2000}
}

@article{Bloom:2001wv,
author = {Bloom, David E and Canning, David and Sevilla, Jaypee},
title = {{Economic Growth and the Demographic Transition}},
year = {2001}
}

@article{Kohler:2012bf,
author = {Kohler, Iliana V and Kohler, Hans-Peter and Anglewicz, Philip and Behrman, Jere R},
title = {{Intergenerational Transfers in the Era of HIV/AIDS: Evidence from Rural Malawi}},
journal = {Demographic Research},
year = {2012}
}

@article{Barrett:2001ck,
author = {Barrett, Garry F and Doiron, Denise J},
title = {{Working Part Time: By Choice or by Constraint}},
journal = {The Canadian Journal of Economics / Revue canadienne d'Economique},
year = {2001}
}

@article{Dustmann:2014dr,
author = {Dustmann, Christian and Frattini, Tommaso},
title = {{The fiscal effects of immigration to the UK}},
journal = {The Quarterly Journal of Economics
},
year = {2014}
}

@article{Chesnais:1986cx,
author = {Chesnais, Jean-Claude},
title = {{La transition demographique: etapes, formes, implications economiques. Etude de series temporelles (1720-1984) relatives a 67 pays}},
journal = {Population (french edition)},
year = {1986}
}

@article{Jarry:2015vi,
author = {Jarry, Valerie and Bourbeau, Robert and Gagnon, Alain},
title = {{Analyse des facteurs biod{\'e}mographiques, soci{\'e}conomiques et familiaux de la long{\'e}vit{\'e} exceptionnelle}},
year = {2015}
}

@article{Hansen:2017uz,
author = {Hansen, Marianne Frank and Schultz-Nielsen, Marie Louise and Tran{\ae}s, Torben},
title = {{The fiscal impact of immigration to welfare states of the Scandinavian type}},
journal = {Journal of population economics},
year = {2017}
}

@article{Krueger:2014cg,
author = {Krueger, Kurt V and Slesnick, Frank},
title = {{Total Worklife Expectancy}},
journal = {Journal of Forensic Economics},
year = {2014}
}

@article{Link:1995dh,
author = {Link, Bruce G and Phelan, Jo},
title = {{Social Conditions As Fundamental Causes of Disease}},
journal = {Journal of Health and Social Behavior},
year = {1995}
}

@incollection{Virick:2011jl,
author = {Virick, Meghna},
title = {{Underemployment and Older Workers}},
booktitle = {Underemployment},
year = {2011}
}

@article{Athanasoulis:2001ga,
author = {Athanasoulis, Stefano G and Shiller, Robert J},
title = {{World Income Components: Measuring and Exploiting Risk-Sharing Opportunities}},
journal = {The American Economic Review},
year = {2001}
}

@incollection{Gilleard:2011fh,
author = {Gilleard, Chris and Higgs, Paul},
title = {{Consumption and Aging}},
booktitle = {Handbook of Sociology of Aging},
year = {2011}
}

@book{BorschSupan:2011gj,
editor = {B{\"o}rsch-Supan, Axel and Brandt, Martina and Hank, Karsten and Schr{\"o}der, Mathis},
title = {{The Individual and the Welfare State}},
publisher = {Springer Berlin Heidelberg},
year = {2011}
}

@article{Luengo:2010if,
author = {Luengo, Jose},
title = {{The Convergence-Divergence Hypothesis}},
journal = {World Futures: The Journal of General Evolution},
year = {2010}
}

@article{Weissenberger:1986dx,
author = {Weissenberger, Edgar},
title = {{Consumption Innovations and Income Innovations: The Case of the United Kingdom and Germany}},
journal = {The Review of Economics and Statistics},
year = {1986}
}

@article{EkertJaffe:1989cz,
author = {Ekert-Jaff{\'e}, Olivia},
title = {{Vieillissement et consommation: Quelques r{\'e}sultats tir{\'e}s des enqu{\^e}tes fran{\c c}aises sur les budgets des m{\'e}nages}},
journal = {Population (french edition)},
year = {1989}
}

@incollection{brugiavini_labour_2011,
author = {Brugiavini, Agar and Padula, Mario and Pasini, Giacomo and Peracchi, Franco},
title = {{Labour Mobility and Retirement}},
booktitle = {The Individual and the Welfare State},
year = {2011}
}

@article{Mason:2009wr,
author = {Mason, Andrew and Lee, Ronald Demos and Tung, An-Chi and Lai, Mun-Sim and Miller, Tim},
title = {{Population aging and intergenerational transfers: Introducing age into national accounts}},
journal = {nber.org
},
year = {2009}
}

@book{BurtonJeangros:2015cj,
author = {Burton-Jeangros, Claudine and Cullati, St{\'e}phane and Sacker, Amanda and Blane, David},
editor = {Burton-Jeangros, Claudine and Cullati, St{\'e}phane and Sacker, Amanda and Blane, David},
title = {{A Life Course Perspective on Health Trajectories and Transitions}},
publisher = {Springer},
year = {2015}
}

@article{Christofides:1996da,
author = {Christofides, L N and McKenna, C J},
title = {{Unemployment Insurance and Job Duration in Canada}},
journal = {Journal of Labor Economics},
year = {1996}
}

@incollection{godbout_quebecs_2012,
author = {Godbout, Luc and St-Cerny, Suzie and St-Amant, Pier-Andr{\'e} Bouchard and Fortin, Pierre},
title = {{Quebec{\textquoteright}s Public Finances Between Demographic Changes and Fiscal Sustainability}},
booktitle = {The Family, the Market or the State?},
year = {2012}
}

@article{Lee:2007um,
author = {Lee, Ronald Demos},
title = {{Demographic change, welfare, and intergenerational transfers: a global overview}},
journal = {Ages},
year = {2007}
}

@article{LeGrand:2003jn,
author = {LeGrand, Thomas and Koppenhaver, Todd and Mondain, Nathalie and Randall, Sara},
title = {{Reassessing the Insurance Effect: A Qualitative Analysis of Fertility Behavior in Senegal and Zimbabwe}},
journal = {Population and Development Review},
year = {2003}
}

@article{Gill:2007ke,
author = {Gill, Louis},
title = {{Louis Gill, Vieillissement de la population et finances publiques. La {\guillemotleft}futurologie {\`a} rebours{\guillemotright} de Pierre Fortin et Luc Godbout}},
journal = {texte},
year = {2007}
}

@article{Massey:2012in,
author = {Massey, Douglas S and Pren, Karen A},
title = {{Unintended Consequences of US Immigration Policy: Explaining the Post-1965 Surge from Latin America}},
journal = {Population and Development Review},
year = {2012}
}

@article{Belanger:2019gq,
author = {B{\'e}langer, Alain and Sabourin, Patrick and Marois, Guillaume and Van Hook, Jennifer and V{\'e}zina, Samuel},
title = {{A framework for the prospective analysis of ethno-cultural super-diversity}},
journal = {Demographic Research},
year = {2019}
}

@article{Heuveline:2007fe,
author = {Heuveline, Patrick and Poch, Bunnak},
title = {{The Phoenix population: demographic crisis and rebound in Cambodia.}},
journal = {Demography},
year = {2007}
}

@article{Becker:1965dj,
author = {Becker, Gary S},
title = {{A Theory of the Allocation of Time}},
journal = {The Economic Journal},
year = {1965}
}

@article{Blomqvist:2014fu,
author = {Blomqvist, Ake and Busby, Colin},
title = {{Paying for the Boomers: Long-Term Care and Intergenerational Equity}},
journal = {SSRN Electronic Journal},
year = {2014}
}

@article{Morissette:wh,
author = {Morissette, Rene and Galarneau, Diane},
title = {{Immigrants: Settling for less?}},
journal = {Perspectives on Labour and Income},
year = {2004}
}

@article{Warner:2010jq,
author = {Warner, David F and Hayward, Mark D and Hardy, Melissa A},
title = {{The Retirement Life Course in America at the Dawn of the Twenty-First Century.}},
journal = {Population Research and Policy Review},
year = {2010}
}

@article{Black:2005ey,
author = {Black, Sandra E and Devereux, Paul J and Salvanes, Kjell G},
title = {{The More the Merrier? The Effect of Family Size and Birth Order on Children's Education}},
journal = {The Quarterly Journal of Economics},
year = {2005}
}

@article{Maralani:2008ha,
author = {Maralani, Vida},
title = {{The Changing Relationship between Family Size and Educational Attainment over the Course of Socioeconomic Development: Evidence from Indonesia}},
journal = {Demography},
year = {2008}
}

@article{Sims:1980gr,
author = {Sims, Harvey and Ciuriak, Dan},
title = {{Participation Rate and Labour Force Growth in Canada}},
journal = {SSRN Electronic Journal},
year = {1980}
}

@article{Frenette:2007wa,
author = {Frenette, Marc and Coulombe, Simon},
title = {{Has Higher Education Among Young Women Substantially Reduced the Gender Gap in Employment and Earnings?}},
journal = {Analytical Studies Branch Research Paper Series},
year = {2007}
}

@book{Anonymous:2012te,
title = {{The Family, the Market or the State? Intergenerational Support Under Pressure in Ageing Societies}},
publisher = {Springer Netherlands},
year = {2012}
}

@article{Frechette:2016ui,
author = {Frechette, Jean-Denis},
title = {{{\'E}valuation de la situation du march{\'e} du travail {\textendash} 2016}},
journal = {Bureau du parlementaire du budget},
year = {2016}
}

@article{Tam:ka,
author = {Tam, Helen},
title = {{Characteristics of the underemployed and the overemployed in the UK}},
journal = {Economic {\&} Labour Market Review},
year = {2010}
}

@article{vandeVelden:2019ip,
author = {Van de Velden, Michel and D'Enza, Alfonso Iodice and Markos, Angelos},
title = {{Distance-based clustering of mixed data}},
journal = {Wiley Interdisciplinary Reviews: Computational Statistics},
year = {2019}
}

@book{Mason:2011wa,
author = {Mason, Andrew and Lee, Ronald Demos},
title = {{Population aging and the generational economy: A global perspective}},
year = {2011}
}

@booklet{Lee:2011cq,
title = {{Demographic transition and its consequences}}
}

@techreport{Fehr:2003gq,
author = {Fehr, Hans and Jokisch, Sabine and Kotlikoff, Laurence},
title = {{The Developed World's Demographic Transition - The Roles of Capital Flows, Immigration, and Policy}},
institution = {National Bureau of Economic Research, Cambridge, MA},
year = {2003}
}

@article{Modigliani:tl,
author = {Modigliani, F and Modigliani, R Brumberg Franco and {1954}},
title = {{Utility analysis and the consumption function: An interpretation of cross-section data}},
journal = {arabictrader.com
}
}

@article{Bohnert:2015ul,
author = {Bohnert, Nora and Chagnon, Jonathan and Dion, Patrice},
title = {{Projections d{\'e}mographiques pour le Canada, les provinces et les territoires}},
journal = {Statistique Canada},
year = {2015}
}

@article{Bengtson:1997fp,
author = {Bengtson, Vern L and Burgess, Elisabeth O and Parrott, Tonya M},
title = {{Theory, Explanation, and a Third Generation of Theoretical Development in Social Gerontology}},
journal = {The Journals of Gerontology Series B: Psychological Sciences and Social Sciences},
year = {1997}
}

@article{Galarneau:2013tv,
author = {Galarneau, Diane and Morissette, Rene and Usalcas, Jeannine},
title = {{What has changed for young people in Canada?}},
journal = {Insights on Canadian Society},
year = {2013}
}

@booklet{Gnanasekaran:1975vj,
title = {{Working life tables for males in Canada and provinces, 1971}}
}

@article{David:2005uw,
author = {David, Fran{\c c}oise and Aktouf, Omar},
title = {{Manifeste pour un Qu{\'e}bec solidaire}},
year = {2005}
}

@article{Lee:bKjc_XK_,
author = {Lee, Ronald Demos and Ryan, Edwards},
title = {{Seismic Shifts: The Economic Impact of Demographic Change}},
year = {2001}
}

@article{Loichinger:2016bn,
author = {Loichinger, Elke and Weber, Daniela},
title = {{Trends in Working Life Expectancy in Europe}},
journal = {Journal of Aging and Health},
year = {2016}
}

@book{Borjas:2014hr,
author = {Borjas, George J},
title = {{Immigration Economics}},
publisher = {Harvard University Press},
year = {2014}
}

@article{Guiot:2006bj,
author = {Guiot, Denis},
title = {{Un cadre d'analyse du processus de vieillissement et de son influence sur le comportement d'achat du consommateur {\^a}g{\'e}}},
journal = {Recherche et Applications en Marketing},
year = {2006}
}

@article{Serban:2012da,
author = {Serban, Andreea Claudia},
title = {{Aging Population and Effects on Labour Market}},
journal = {Procedia Economics and Finance},
year = {2012}
}

@article{Nault:1990bg,
author = {Nault, Fran{\c c}ois},
title = {{Vieillissement et scolarisation de la population qu{\'e}b{\'e}coise}},
journal = {Cahiers qu{\'e}b{\'e}cois de d{\'e}mographie},
year = {1990}
}

@article{Bignami:2014wo,
author = {Bignami, Simona and Zunzunegui, Maria Victoria},
title = {{L{\textquoteright}{\'e}tat de sant{\'e} per{\c c}u et les incapacit{\'e}s en Afrique subsaharienne : diff{\'e}rences socio{\'e}conomiques et de genre}},
year = {2014}
}

@article{Preston:2014uw,
author = {Preston, Ian},
title = {{Effect of Immigration on Public Finances | The Economic Journal | Oxford Academic}},
journal = {The Quarterly Journal of Economics
},
year = {2014}
}

@article{Dormont:2006dl,
author = {Dormont, Brigitte and Grignon, Michel and Huber, H{\'e}l{\`e}ne},
title = {{Health expenditure growth: reassessing the threat of ageing.}},
journal = {Health economics},
year = {2006}
}

@incollection{wahrendorf_working_2011,
author = {Wahrendorf, Morten and Siegrist, Johannes},
title = {{Working Conditions in Mid-life and Participation in Voluntary Work After Labour Market Exit}},
booktitle = {The Individual and the Welfare State},
year = {2011}
}

@article{Phelinas:2010dv,
author = {Ph{\'e}linas, Pascale},
title = {{Mesurer l{\textquoteright}emploi, le ch{\^o}mage et le sous-emploi rural dans une {\'e}conomie en voie de d{\'e}veloppement}},
journal = {Revue Fran{\c c}aise de Socio-{\'E}conomie},
year = {2010}
}

@article{Hammarstrom:2002kb,
author = {Hammarstrom, A},
title = {{Early unemployment can contribute to adult health problems: results from a longitudinal study of school leavers}},
journal = {Journal of Epidemiology {\&} Community Health},
year = {2002}
}

@article{Bengtsson:2011jh,
author = {Bengtsson, Tommy and Dribe, Martin},
title = {{The late emergence of socioeconomic mortality differentials: A micro-level study of adult mortality in southern Sweden 1815{\textendash}1968}},
journal = {Explorations in Economic History},
year = {2011}
}

@book{DeSantis:2012ez,
editor = {De Santis, Gustavo},
title = {{The Family, the Market or the State?}},
publisher = {Springer Netherlands},
year = {2012}
}

@article{Dejuan:2006bz,
author = {Dejuan, Joseph P and Seater, John J and Wirjanto, Tony S},
title = {{Testing the permanent-income hypothesis: New evidence from West-German states (L{\"a}nder)}},
journal = {Empirical Economics},
year = {2006}
}

@article{Aaronson:2006bl,
author = {Aaronson, Stephanie and Fallick, Bruce and Figura, Andrew and Pingle, Jonathan F and Wascher, William L},
title = {{The Recent Decline in the Labor Force Participation Rate and Its Implications for Potential Labor Supply}},
journal = {Brookings Papers on Economic Activity},
year = {2006}
}

@article{Gagnon:2012gx,
author = {Gagnon, Alain and Bohnert, Nora},
title = {{Early life socioeconomic conditions in rural areas and old-age mortality in twentieth-century Quebec}},
journal = {Social Science {\&} Medicine},
year = {2012}
}

@article{BorschSupan:2008ib,
author = {B{\"o}rsch-Supan, Axel H},
title = {{The Impact of Global Aging on Labor, Product, and Capital Markets}},
journal = {Population and Development Review},
year = {2008}
}

@article{Lemon:1972bj,
author = {Lemon, B W and Bengtson, V L and Peterson, J A},
title = {{An Exploration of the Activity Theory of Aging: Activity Types and Life Satisfaction Among In-movers to a Retirement Community}},
journal = {Journal of Gerontology},
year = {1972}
}

@article{StatisticsCanada:2018ub,
author = {{Statistics Canada}},
title = {{L'esp{\'e}rance de vie des Canadiens de 1920-1922 {\`a} 2009-2011}},
journal = {Statistique Canada},
year = {2018}
}

@article{Gilbert:2E_4jUM1,
author = {Gilbert, Scott},
title = {{Worklife~Expectancy~and~Earning~Capacity~in~Personal~Injury~Cases}},
year = {2018}
}

@article{Ronteix:2016tx,
author = {Ronteix, Chloe},
title = {{{\'E}volution et projection du fardeau de la mortalit{\'e} au Canada, de 1921 {\`a} 2047}},
journal = {Papyrus UdeM},
year = {2016}
}

@article{McGaughey:2018jg,
author = {McGaughey, Ewan},
title = {{Will Robots Automate Your Job Away? Full Employment, Basic Income, and Economic Democracy}},
journal = {papers.ssrn.com
},
year = {2018}
}

@article{McDaniel:1987jd,
author = {McDaniel, Susan A},
title = {{Demographic Aging as a Guiding Paradigm in Canada's Welfare State}},
journal = {Canadian Public Policy / Analyse de Politiques},
year = {1987}
}

@article{Lee:1994tv,
author = {Lee, Ronald Demos},
title = {{The Formal Demography of Population Aging, Transfers, and the Economic Life Cycle}},
journal = {Demography of aging},
year = {1994}
}

@article{Linzer:2011gj,
author = {Linzer, Drew A and Lewis, Jeffrey B},
title = {{poLCA: An R Package for Polytomous Variable Latent Class Analysis}},
journal = {Journal of Statistical Software},
year = {2011}
}

@article{Antonakis:2010gr,
author = {Antonakis, John and Bendahan, Samuel and Jacquart, Philippe and Lalive, Rafael},
title = {{On making causal claims: A review and recommendations}},
journal = {The Leadership Quarterly},
year = {2010}
}

@article{Crandall:wo,
author = {Crandall, Christian S},
title = {{A justification-suppression model of the expression and experience of prejudice.}},
journal = {Psychological Bulletin},
year = {2003}
}

@article{Lefebvre:2012uv,
author = {Lefebvre, Rock and Simonova, Elena and Wang, Liang and Guestimate, The Best},
title = {{Labour Shortages in Skilled Trades {\textendash} The Best Guestimate?}},
year = {2012}
}

@article{Blau:2007wa,
author = {Blau, David M},
title = {{Retirement and Consumption in a Life Cycle Model}},
year = {2007}
}

@article{Billari:2005fq,
author = {Billari, Francesco C},
title = {{Life course analysis: two (complementary) cultures? Some reflections with examples from the analysis of the transition to adulthood}},
journal = {Advances in Life Course Research},
year = {2005}
}

@article{Tremblay:2002bh,
author = {Tremblay, Diane-Gabrielle},
title = {{Les femmes sur le march{\'e} du travail au Qu{\'e}bec et au Canada}},
journal = {Travail, genre et soci{\'e}t{\'e}s},
year = {2002}
}

@article{Eberhard:2012te,
author = {Eberhard, Juan},
title = {{Immigration, Human Capital and the Welfare of Natives}},
year = {2012}
}

@article{Denton:2009wr,
author = {Denton, Frank T and Feaver, Christine H and Spencer, Byron G},
title = {{Cohort working life tables for older Canadians}},
year = {2009}
}

@article{Kok:2007fm,
author = {Kok, Jan},
title = {{Principles and Prospects of the Life Course Paradigm}},
journal = {Annales de d{\'e}mographie historique},
year = {2007}
}

@book{Anonymous:Q8i7KrrD,
title = {{Gender and Couple Relationships}}
}

@book{Castles:2012wk,
author = {Castles, Stephen},
title = {{Ethnicity and Globalization: From Migrant Worker to Transnational Citizen Ethnicity and globalization: From migrant worker to transnational citizen ER -}},
publisher = {SAGE Publications Ltd},
year = {2012}
}

@article{deRee:2010um,
author = {de Ree, Joppe},
title = {{Subjective Data in a Test of the Life Cycle Model}},
year = {2010}
}

@article{Caldwell:2003gi,
author = {Caldwell, John C and Schindlmayr, Thomas},
title = {{Explanations of the Fertility Crisis in Modern Societies: A Search for Commonalities}},
journal = {Population Studies},
year = {2003}
}

@article{Littlewood:2014kj,
author = {Littlewood, Michael R},
title = {{Ageing Populations, Retirement Incomes and Public Policy: What Really Matters}},
journal = {SSRN Electronic Journal},
year = {2014}
}

@article{Gronau:2015dx,
author = {Gronau, Reuben},
title = {{Leisure, Home Production, and Work--the Theory of the Allocation of Time Revisited}},
journal = {Journal of Political Economy},
year = {2015}
}

@article{Heisz:2003wg,
author = {Heisz, Andrew and LaRochelle-Cote, Sebastien},
title = {{Les heures de travail au Canada et aux {\'E}tats-Unis}},
year = {2003}
}

@article{Eggleston:2012en,
author = {Eggleston, Karen N and Fuchs, Victor R},
title = {{The New Demographic Transition: Most Gains in Life Expectancy Now Realized Late in Life}},
journal = {Journal of Economic Perspectives},
year = {2012}
}

@article{Dolton:2017kt,
author = {Dolton, Peter},
title = {{Working hours: Past, present, and future}},
journal = {IZA World of Labor},
year = {2017}
}

@article{Ichou:2019ik,
author = {Ichou, Mathieu and Wallace, Matthew},
title = {{The Healthy Immigrant Effect: The role of educational selectivity in the good health of migrants}},
journal = {Demographic Research},
year = {2019}
}

@article{Blit:2017tn,
author = {Blit, Joel and Skuterud, Mikal and Zhang, Jue},
title = {{Immigration and Innovation: Evidence from Canadian Cities}},
year = {2017}
}

@article{Anonymous:1963dcc,
title = {{The "Life Cycle" Hypothesis of Saving: Aggregate Implications and Tests}},
year = {1963}
}

@incollection{dewilde_separation:_2011,
author = {Dewilde, Caroline and Bosch, Karel Van den and Heede, Aaron Van den},
title = {{Separation: Consequences for Wealth in Later Life}},
booktitle = {The Individual and the Welfare State},
year = {2011}
}

@incollection{Chavent:2010jr,
author = {Chavent, Marie and Kuentz, Vanessa and Saracco, J{\'e}r{\^o}me},
title = {{A partitioning method for the clustering of categorical variables}},
booktitle = {Classification as a Tool for Research},
year = {2010}
}

@article{Aries:1980ku,
author = {Aries, Philippe},
title = {{Two Successive Motivations for the Declining Birth Rate in the West}},
journal = {Population and Development Review},
year = {1980}
}

@article{Pautasso:2014ep,
author = {Pautasso, Marco},
title = {{Dix r{\`e}gles simples pour r{\'e}diger une revue de litt{\'e}rature}},
journal = {Kin{\'e}sith{\'e}rapie},
year = {2014}
}

@article{Browning:1991tq,
author = {Browning, Martin James and Attanasio, Orazio},
title = {{Testing the Life Cycle Model of Consumption: What Can We Learn From Micro and Macro Data?}},
year = {1991}
}

@article{Stecklov:2005fg,
author = {Stecklov, Guy and Winters, Paul and Stampini, Marco and Davis, Benjamin},
title = {{Do conditional cash transfers influence migration? A study using experimental data from the Mexican progresa program}},
journal = {Demography},
year = {2005}
}

@article{Fleury:2009jo,
author = {Fleury, C},
title = {{L{\textquoteright}Allongement de La jeunesse est-iL attribuabLe {\`a} La pr{\'e}carisation de L{\textquoteright}empLoi? examen de La question dans un contexte qu{\'e}b{\'e}cois}},
journal = {Canadian Journal of Sociology/Cahiers canadiens de {\ldots}},
year = {2009}
}

@article{caverzasio_les_2013,
author = {Caverzasio, Diana},
title = {{Les coulisses de la Toile : {\'e}tude sur les demarches de conception de sites web}},
year = {2013}
}

@article{Guegano:2001tx,
author = {Guegano, Yves},
title = {{La {\guillemotleft} soutenabilit{\'e} {\guillemotright} des finances publiques face au vieillissement de la population, une analyse par la comptabilit{\'e} g{\'e}n{\'e}rationnelle (*)}},
year = {2001}
}

@article{Launay:1976ce,
author = {Launay, Jean-Pierre},
title = {{L'{\^a}ge de la retraite}},
journal = {Statistiques et {\'e}tudes financi{\`e}res},
year = {1976}
}

@article{Szreter:1993ed,
author = {Szreter, Simon},
title = {{The Idea of Demographic Transition and the Study of Fertility Change: A Critical Intellectual History}},
journal = {Population and Development Review},
year = {1993}
}

@incollection{Nell:2018wo,
author = {Nell, Edward J},
title = {{Unemployment and Transformational Growth in the Long Run}},
booktitle = {Full Employment and Social Justice: Solidarity and Sustainability},
year = {2018}
}

@book{Smith:1998fs,
editor = {Smith, James P and Edmonston, Barry},
title = {{The Immigration Debate}},
publisher = {National Academies Press},
year = {1998}
}

@article{Oreopoulos:2011jv,
author = {Oreopoulos, Philip},
title = {{Why Do Skilled Immigrants Struggle in the Labor Market? A Field Experiment with Thirteen Thousand Resumes}},
journal = {American Economic Journal: Economic Policy},
year = {2011}
}

@incollection{Vilquin:2006tt,
author = {Vilquin, {\'E}ric},
title = {{Les origins de la science d{\'e}mographique}},
booktitle = {D{\'e}mographie: Analyse et synth{\`e}se.},
year = {2006}
}

@article{Nowrasteh:2014uk,
author = {Nowrasteh, Alex},
title = {{The Fiscal Impact of Immigration}},
year = {2014}
}

@article{Tideman:2010vq,
author = {Tideman, S and Weber, G},
title = {{Consumption and saving: models of intertemporal allocation and their implications for public policy}},
journal = {Journal of Economic literature},
year = {2010}
}

@article{LeGrand:2016vm,
author = {LeGrand, Thomas and Kobian{\'e}, Jean-Fran{\c c}ois},
title = {{Changements d{\'e}mographiques et in{\'e}galit{\'e}s {\'e}ducatives {\`a} Ouagadougou}},
year = {2016}
}

@article{Billari:2004hc,
author = {Billari, Francesco C and Liefbroer, Aart C},
title = {{Is the Second Demographic Transition a useful concept for demography? Introduction to a debate}},
journal = {Vienna Yearbook of Population Research},
year = {2004}
}

@article{Lammam:2018tf,
author = {Lammam, Charles and MacIntyre, Hugh and Hasan, Sazid and Palacios, Milagros},
title = {{Measuring Labour Markets in Canada and the United States}},
year = {2018}
}

@incollection{cavapozzi_childhood_2011,
author = {Cavapozzi, Danilo and Garrouste, Christelle and Paccagnella, Omar},
title = {{Childhood, Schooling and Income Inequality}},
booktitle = {The Individual and the Welfare State},
year = {2011}
}

@article{Rowthorn:2008kk,
author = {Rowthorn, Robert},
title = {{Fiscal impact of immigration on the advanced economies | Oxford Review of Economic Policy | Oxford Academic}},
journal = {The Quarterly Journal of Economics
},
year = {2008}
}

@article{LeGrand:2009vd,
author = {LeGrand, Thomas K and Younoussi, Zourkaleini},
title = {{Consensual Unions in Burkina Faso: Trends and Determinants}},
journal = {Canadian Studies in Population},
year = {2009}
}

@article{Lubitz:1993gn,
author = {Lubitz, James D and Riley, Gerald F},
title = {{Trends in Medicare Payments in the Last Year of Life}},
journal = {dx.doi.org},
year = {1993}
}

@article{Palme:2008ee,
author = {Palme, M{\aa}rten and Sandgren, Sofia},
title = {{Parental Income, Lifetime Income, and Mortality}},
journal = {Journal of the European Economic Association},
year = {2008}
}

@article{OECD:2014dj,
author = {{OECD}},
title = {{Pathways out of labour market, age 55-64, 2010}},
year = {2014}
}

@booklet{Ragan:2012ua,
title = {{Canada's Looming Fiscal Squeeze, Updated}}
}

@techreport{downie_labour_2004,
author = {Downie, Julie Ann McMullin and Martin Cooke with Rob},
title = {{Labour Force Ageing and Skill Shortages in Canada and Ontario}},
year = {2004}
}

@article{Hashimoto:2008km,
author = {Hashimoto, Ken-ichi and Tabata, Ken},
title = {{Population aging, health care, and growth}},
journal = {Journal of population economics},
year = {2008}
}

@techreport{Gronau:1976kc,
author = {Gronau, Reuben},
title = {{Leisure, Home Production and Work--The Theory of The Allocation of Time Revisited}},
institution = {National Bureau of Economic Research, Cambridge, MA},
year = {1976}
}

@article{Friedman:1957tg,
author = {Friedman, Milton},
title = {{The Permanent Income Hypothesis}},
journal = {A theory of the consumption function},
year = {1957}
}

@incollection{Sugiyarto:2007vma1,
author = {Sugiyarto, Guntur},
title = {{Measuring underemployment: Establishing the cut-off point}},
booktitle = {ERD Working Paper Series},
year = {2007}
}

@article{JANLERT:1992jy,
author = {Janlert, Urban and Hammarstrom, Anne},
title = {{Alcohol consumption among unemployed youths: results from a prospective study}},
journal = {Addiction},
year = {1992}
}

@book{Anonymous:FfcOJ27R,
title = {{ERD Working Paper Series}}
}

@article{Anderson:2019kq,
author = {Anderson, Kathryn H and Huang, Zhen},
title = {{Can immigrants ever earn as much as native workers?}},
journal = {IZA World of Labor},
year = {2019}
}

@article{Zokalj:2016bq,
author = {Zokalj, Mateo},
title = {{The impact of population aging on public finance in the European Union}},
journal = {Financial Theory and Practice},
year = {2016}
}

@article{Hayward:2004ea,
author = {Hayward, Mark D and Gorman, Bridget K},
title = {{The Long Arm of Childhood: The Influence of Early-Life Social Conditions on Men's Mortality}},
journal = {Demography},
year = {2004}
}

@article{Defo:2014gg,
author = {Defo, Barth{\'e}l{\'e}my Kuate},
title = {{Demographic, epidemiological, and health transitions: are they relevant to population health patterns in Africa?}},
journal = {Global Health Action},
year = {2014}
}

@book{Anonymous:OVikmHqO,
title = {{The Economics of Immigration}},
publisher = {Springer New York}
}

@incollection{lambert_health_2011,
author = {Lambert, Philippe and Perelman, Sergio and Pestieau, Pierre and Schoenmaeckers, J{\'e}r{\^o}me},
title = {{Health Insurance Coverage and Adverse Selection}},
booktitle = {The Individual and the Welfare State},
year = {2011}
}

@article{Ando:1963ea,
author = {Ando, Albert and Modigliani, Franco},
title = {{The "Life Cycle" Hypothesis of Saving: Aggregate Implications and Tests}},
journal = {The American Economic Review},
year = {1963}
}

@book{Anonymous:jRUK23gS,
title = {{Ages, Generations and the Social Contract}}
}

@article{Wilkins:2006ur,
author = {Wilkins, Roger},
title = {{Personal and Job Characteristics Associated with Underemployment}},
journal = {Australian Journal of Labour Economics},
year = {2006}
}

@article{Goldstein:2014cm,
author = {Goldstein, Joshua R and Lee, Ronald Demos},
title = {{How large are the effects of population aging on economic inequality?}},
journal = {Vienna Yearbook of Population Research},
year = {2014}
}

@incollection{angelini_nest_2011,
author = {Angelini, Viola and Laferr{\`e}re, Anne and Pasini, Giacomo},
title = {{Nest Leaving in Europe}},
booktitle = {The Individual and the Welfare State},
year = {2011}
}

@article{CanadianInstituteofActuaries:2019wa,
author = {{Canadian Institute of Actuaries}},
title = {{Retire Later for Greater Benefits}},
year = {2019}
}

@article{Pistaferri:2010vn,
author = {Pistaferri, Luigi},
title = {{The Life-Cycle Hypothesis: An Assessment of Some Recent Evidence}},
year = {2010}
}

@article{Fougere:2007hv,
author = {Foug{\`e}re, Maxime and Harvey, Simon},
title = {{Le vieillissement de la main-d{\textquoteright}oeuvre~et le d{\'e}fi de la croissance au Qu{\'e}bec}},
journal = {Cahiers qu{\'e}b{\'e}cois de d{\'e}mographie},
year = {2007}
}

@article{Haughton:2009ds,
author = {Haughton, Dominique and Legrand, Pascal and Woolford, Sam},
title = {{Review of three latent class cluster analysis packages: Latent gold, poLCA, and MCLUST}},
journal = {American Statistician},
year = {2009}
}

@article{Feenstra:2009bc,
author = {Feenstra, Robert C and Heston, Alan and Timmer, Marcel P and Deng, Haiyan},
title = {{ESTIMATING REAL PRODUCTION AND EXPENDITURES ACROSS NATIONS: A PROPOSAL FOR IMPROVING THE PENN WORLD TABLES}},
journal = {The Review of Economics and Statistics},
year = {2009}
}

@article{Schultz:2007il,
author = {Schultz, T Paul},
title = {{Chapter 52 Population Policies, Fertility, Women's Human Capital, and Child Quality}},
journal = {Handbook of Development Economics},
year = {2007}
}

@article{Norris:2016fx,
author = {Norris, Keith},
title = {{Job Durations in Australia:}},
journal = {Journal of Industrial Relations},
year = {2016}
}

@article{Goldin:2011tg,
author = {Goldin, Ian and Cameron, G and Balarajan, M},
title = {{Exceptional People: How Migration Shaped Our World and Will Define Our Future}},
year = {2011}
}

@incollection{lee_income_2012,
author = {Lee, Jinkook and Phillips, Drystan},
title = {{Income and Poverty Among Older Koreans: Relative Contributions of and Relationship Between Public and Family Transfers}},
booktitle = {The Family, the Market or the State?},
year = {2012}
}

@incollection{Castles:2012vr,
author = {Castles, Stephen},
title = {{Migration and Minorities in Europe: Perspectives for the 1990s {\textendash} Eleven Hypotheses}},
booktitle = {Ethnicity and Globalization: From Migrant Worker to Transnational Citizen Ethnicity and globalization: From migrant worker to transnational citizen ER -},
year = {2012}
}

@article{Krause:2017th,
author = {Krause, Eleanor and Sawhill, Isabel},
title = {{WHAT WE KNOW AND DON{\textquoteright}T KNOW ABOUT DECLINING LABOR FORCE PARTICIPATION: A REVIEW}},
year = {2017}
}

@article{DeJong:2001gr,
author = {De Jong, Gordon F and Madamba, Anna B},
title = {{A Double Disadvantage? Minority Group, Immigrant Status, and Underemployment in the United States}},
journal = {Social Science Quarterly},
year = {2001}
}

@article{Niyimbanira:2016tl,
author = {F, Niyimbanira},
title = {{Characterisation of Time-Related Underemployment in a South African Municipality: a Case of Bushbuckridge, Mpumalanga Province}},
journal = {International Journal Of Social Sciences And Humanity Studies},
year = {2016}
}

@article{Estrada:2012up,
author = {Estrada, Gemma and {Donghyun Park}},
title = {{Impact of demographic change on developing Asia{\textquoteright}s economic growth and old-age income support}},
year = {2012}
}

@article{Oberle:2016tp,
author = {Oberle, Cecile},
title = {{Impact du vieillissement sur le march{\'e} et la consommation en Allemagne}},
year = {2016}
}

@article{Zimmer:2013hb,
author = {Zimmer, Zachary and Das, Suparna},
title = {{The Poorest of the Poor}},
journal = {Research on Aging},
year = {2013}
}

@techreport{noauthor_canadian_nodate,
title = {{Canadian Social Trends: Delayed transitions of young adults}}
}

@article{Coulombe:2014ir,
author = {Coulombe, Serge and Grenier, Gilles and Nadeau, Serge},
title = {{Human capital quality and the immigrant wage gap}},
journal = {IZA Journal of Migration},
year = {2014}
}

@techreport{Hunt:2008fn,
author = {Hunt, Jennifer and Gauthier-Loiselle, Marjolaine},
title = {{How Much Does Immigration Boost Innovation?}},
institution = {National Bureau of Economic Research, Cambridge, MA},
year = {2008}
}

@inproceedings{ilo:2013icls,
author = {{International Labour Organization ILO}},
title = {{Resolution concerning statistics of work, employment and labour underutilization}},
booktitle = {The 13th International Conference of Labour Statisticians},
year = {2013}
}

@article{Dotsey:2014dk,
author = {Dotsey, Michael and Li, Wenli and Yang, Fang},
title = {{Consumption and time use over the life cycle}},
journal = {International Economic Review},
year = {2014}
}

@incollection{bordone_social_2012,
author = {Bordone, Valeria},
title = {{Social Norms and Intergenerational Relationships}},
booktitle = {The Family, the Market or the State?},
year = {2012}
}

@article{Fields:2017wa,
author = {Fields, Andrew and Uppal, Sharanjit and LaRochelle-Cote, Sebastien},
title = {{The impact of aging on labour market participation rates}},
journal = {Insights on Canadian Society},
year = {2017}
}

@article{Carriere:2016uu,
author = {Carri{\`e}re, Yves and Martel, Laurent and Jean-Fran{\c c}ois, Picard and Legare, Jacques},
title = {{La contribution de l{\textquoteright}immigration {\`a} la taille et {\`a} la diversit{\'e} ethnoculturelle des futures cohortes de personnes {\^a}g{\'e}es}},
year = {2016}
}

@article{Dustmann:2013hk,
author = {Dustmann, Christian and Frattini, Tommaso and Preston, Ian P},
title = {{The Effect of Immigration along the Distribution of Wages}},
journal = {The Review of Economic Studies},
year = {2013}
}

@article{Godbout:2009bf,
author = {Godbout, Luc and St-Cerny, Suzie and Bouchard St-Amant, Pier-Andr{\'e} and Fortin, Pierre and Arseneau, Matthieu},
title = {{Nouvelles perspectives d{\'e}mographiques, m{\^e}mes d{\'e}fis budg{\'e}taires}},
journal = {Cahiers qu{\'e}b{\'e}cois de d{\'e}mographie},
year = {2009}
}

@article{White:1978tu,
author = {White, Betsy Buttrill},
title = {{Empirical tests of the life cycle hypothesis}},
journal = {American Economic Review},
year = {1978}
}

@article{Brunello:2013cy,
author = {Brunello, Giorgio and Rocco, Lorenzo},
title = {{The effect of immigration on the school performance of natives: Cross country evidence using PISA test scores}},
journal = {Economics of Education Review},
year = {2013}
}

@article{Wadsworth:2006dk,
author = {Wadsworth, Tim},
title = {{The Meaning of Work: Conceptualizing the Deterrent Effect of Employment on Crime among Young Adults}},
journal = {Sociological Perspectives},
year = {2006}
}

@article{Bub:2014bf,
author = {Bub, Kristen L and Ferretti, Larissa K},
title = {{Cutting-Edge Statistical Methods for a Life-Course Approach}},
journal = {Advances in Nutrition: An International Review Journal},
year = {2014}
}

@book{Carmichael:2005bc,
author = {Carmichael, Isla},
title = {{Pension Power}},
publisher = {University of Toronto Press},
year = {2005}
}

@article{Lesthaegh:1983in,
author = {Lesthaegh, Ron J},
title = {{A Century of Demographic and Cultural Change in Western Europe: An Exploration of Underlying Dimensions}},
journal = {Population and Development Review},
year = {1983}
}

@article{StatisticsCanada:tw,
author = {{Statistics Canada}},
title = {{Canadian youth and full-time work: A slower transition}},
journal = {Canadian Megatrends},
year = {2018}
}

@article{Fusaro:2018wi,
author = {Fusaro, Stefano and L{\'o}pez-Bazo, Enrique},
title = {{The Impact of Immigration on Native Employment: Evidence from Italy}},
year = {2018}
}

@incollection{avendano_life-course_2011,
author = {Avendano, Mauricio and Mackenbach, Johan P},
title = {{Life-Course Health and Labour Market Exit in 13 European Countries: Results From SHARELIFE}},
booktitle = {The Individual and the Welfare State},
year = {2011}
}

@article{February:uj,
author = {Lee, Ronald Demos},
title = {{\textbf{The Fiscal Impact of Population Aging}}},
journal = {Revue {\'e}conomique},
year = {2001}
}

@incollection{Chakrabarti:2013uk,
author = {Chakrabarti, Saurabh},
title = {{Introduction}},
booktitle = {Underemployment and some related socio economic factors problem of measurement and prediction},
year = {2013}
}

@article{Vang:2016di,
author = {Vang, Zoua M and Sigouin, Jennifer and Flenon, Astrid and Gagnon, Alain},
title = {{Are immigrants healthier than native-born Canadians? A systematic review of the healthy immigrant effect in Canada}},
journal = {Ethnicity {\&} Health},
year = {2016}
}

@incollection{legare_comparing_2012,
author = {Legare, Jacques and Cossette, Am{\'e}lie},
title = {{Comparing the Economic Well-Being of Baby Boomers and Their Parents in Quebec and Ontario}},
booktitle = {The Family, the Market or the State?},
year = {2012}
}

@article{Schirle:2008gm,
author = {Schirle, Tammy},
title = {{Why Have the Labor Force Participation Rates of Older Men Increased since the Mid-1990s?}},
journal = {Journal of Labor Economics},
year = {2008}
}

@article{Lee:1997cm,
author = {Lee, Eddy},
title = {{Is Full Employment Still Desirable and Feasible?}},
journal = {Economic and Industrial Democracy},
year = {1997}
}

@article{Defo:2014iz,
author = {Defo, Barth{\'e}l{\'e}my Kuate},
title = {{Beyond the {\textquoteleft}transition{\textquoteright} frameworks: the cross-continuum of health, disease and mortality framework}},
journal = {Global Health Action},
year = {2014}
}

@article{Peters:2011ju,
author = {Peters, J{\"o}rg and Vance, Colin},
title = {{Rural Electrification and Fertility~{\textendash}~Evidence from C{\^o}te d'Ivoire}},
journal = {The Journal of Development Studies},
year = {2011}
}

@article{Horiuchi:2008cn,
author = {Horiuchi, Shiro and Wilmoth, John R and Pletcher, Scott D},
title = {{A decomposition method based on a model of continuous change}},
journal = {Demography},
year = {2008}
}

@book{Anonymous:1984tn,
title = {{Studies in Labor Market Dynamics}},
publisher = {Springer Berlin Heidelberg},
year = {1984}
}

@incollection{Ruggles:2016es,
author = {Ruggles, Steven},
title = {{Marriage, Family Systems, and Economic Opportunity in the USA Since 1850}},
booktitle = {Gender and Couple Relationships},
year = {2016}
}

@book{Mitchell:2008wo,
author = {Mitchell, William and Muysken, J},
title = {{Full Employment Abandoned}},
publisher = {Edward Elgar Publishing},
year = {2008}
}

@article{Goldscheider:2015bd,
author = {Goldscheider, Frances and Bernhardt, Eva and Lappeg{\aa}rd, Trude},
title = {{The Gender Revolution: A Framework for Understanding Changing Family and Demographic Behavior}},
journal = {Population and Development Review},
year = {2015}
}

@article{StatistiqueCanada:2016ud,
author = {{Statistics Canada}},
title = {{150 years of immigration in Canada}},
journal = {Canadian Megatrends},
year = {2016}
}

@article{Krivo:2004cy,
author = {Krivo, Lauren J and Peterson, Ruth D},
title = {{Labor Market Conditions and Violent Crime among Youth and Adults}},
journal = {Sociological Perspectives},
year = {2004}
}

@article{Reynolds:2010cy,
author = {Reynolds, Jeremy and Aletraris, Lydia},
title = {{Mostly Mismatched With a Chance of Settling: Tracking Work Hour Mismatches in the United States}},
journal = {Work and Occupations},
year = {2010}
}

@article{_female_2009,
author = {Economist, The},
title = {{Female power}},
journal = {The Economist},
year = {2009}
}

@article{Boissonneault:2017fz,
author = {Boissonneault, Micha{\"e}l and D{\'e}carie, Yann and Legare, Jacques},
title = {{Projection de la population canadienne vivant en institution de sant{\'e}~: le nombre de places pourra-t-il r{\'e}pondre aux besoins des baby-boomers~?}},
journal = {Cahiers qu{\'e}b{\'e}cois de d{\'e}mographie},
year = {2017}
}

@article{Munnell:2014vf,
author = {Munnell, Alicia H},
title = {{THE IMPACT OF AGING BABY BOOMERS ON LABOR FORCE PARTICIPATION}},
year = {2014}
}

@article{Anonymous:1963dcd,
title = {{The "Life Cycle" Hypothesis of Saving: Aggregate Implications and Tests}},
year = {1963}
}

@article{Kudrna:2015dr,
author = {Kudrna, George and Tran, Chung and Woodland, Alan},
title = {{The dynamic fiscal effects of demographic shift: The case of Australia}},
journal = {Economic Modelling},
year = {2015}
}

@article{Eurostat:2012wr,
author = {{Eurostat}},
title = {{Dur{\'e}e moyenne de vie au travail}},
year = {2012}
}

@article{Lee:1994jd,
author = {Lee, Ronald Demos and Miller, Timothy W},
title = {{Population Age Structure, Intergenerational Transfer, and Wealth: A New Approach, with Applications to the United States}},
journal = {The Journal of Human Resources},
year = {1994}
}

@article{Chesnais:1997tv,
author = {Chesnais, Jean-Claude and Calot, G{\'e}rard},
title = {{Le Vieillissement D{\'e}mographique Dans l'Union Europ{\'e}enne {\`{A}} L Horizon 2050 Une {\'E}tude D'impact}},
journal = {Futuribles international},
year = {1997}
}

@article{Davis:1963uy,
author = {Davis, Kingsley},
title = {{The theory of change and response in modern demographic history.}},
journal = {Population Index},
year = {1963}
}

@incollection{siegrist_quality_2011,
author = {Siegrist, Johannes and Wahrendorf, Morten},
title = {{Quality of Work, Health and Early Retirement: European Comparisons}},
booktitle = {The Individual and the Welfare State},
year = {2011}
}

@book{Chesnais:1986us,
author = {Chesnais, Jean-Claude},
title = {{La th{\'e}orie originelle de la transition d{\'e}mographique : validit{\'e} et limites du mod{\`e}le}},
year = {1986}
}

@book{Ehrlich:1971vo,
author = {Ehrlich, Paul R},
title = {{The Population Bomb}},
year = {1971}
}

@article{Godbout:2006uo,
author = {Godbout, Luc},
title = {{Finances publiques sous haute tension}},
journal = {Le Devoir},
year = {2006}
}

@article{Gilleard:2005gm,
author = {Gilleard, Chris and Higgs, Paul and Hyde, Martin and Wiggins, Richard and Blane, David},
title = {{Class, Cohort, and Consumption: The British Experience of the Third Age}},
journal = {The Journals of Gerontology Series B: Psychological Sciences and Social Sciences},
year = {2005}
}

@article{Anonymous:ft,
title = {{Acc{\`e}s hors-campus aux ressources {\'e}lectroniques (proxy)}}
}

@article{Borjas:2003cr,
author = {Borjas, George J},
title = {{Labor Demand Curve is Downward Sloping: Reexamining the Impact of Immigration on the Labor Market}},
journal = {The Quarterly Journal of Economics
},
year = {2003}
}

@article{Ireland:2010vq,
author = {Ireland, Thomas R},
title = {{Why Markov Process Worklife Expectancy Tables Are Usually Superior to the LPE Method1}},
year = {2010}
}

@article{Carriere:2015wr,
author = {Carri{\`e}re, Yves and Legare, Jacques and St-Cyr, Melanie Leger and Ronteix, Chloe and Diaconu, Viorela},
title = {{Vivre et travailler plus longtemps dans une soci{\'e}t{\'e} vieillissante: Vers une croissance des in{\'e}galit{\'e}s?}},
journal = {Changements de Population et Parcours de Vie},
year = {2015}
}

@techreport{Hurst:2008cd,
author = {Hurst, Erik},
title = {{The Retirement of a Consumption Puzzle}},
institution = {National Bureau of Economic Research, Cambridge, MA},
year = {2008}
}

@article{Floden:2003fv,
author = {Flod{\'e}n, Martin},
title = {{Public Saving and Policy Coordination in Aging Economies}},
journal = {The Scandinavian Journal of Economics},
year = {2003}
}

@article{GerlachKristen:2014us,
author = {Gerlach-Kristen, Petra},
title = {{Testing the Permanent Income Hypothesis for Irish Households, 1994 to 2005}},
journal = {The Economic and Social Review},
year = {2014}
}

@article{Darmon:1991fw,
author = {Darmon, Dominique and Hourriez, Jean-Michel and L'Hardy, Philippe},
title = {{Consommation : l'effet du vieillissement}},
journal = {Economie et statistique},
year = {1991}
}

@article{Penner:2008tf,
author = {Penner, Rudolph G},
title = {{Are Baby Boomers Saving Enough for Their Retirement?}},
year = {2008}
}

@article{Akin:2012gh,
author = {Akin, Serife Nuray},
title = {{Immigration, Fiscal Policy, and Welfare in an Aging Population}},
journal = {The B.E. Journal of Macroeconomics},
year = {2012}
}

@book{Atchley:1980jr,
author = {Atchley, Robert C},
title = {{The social forces in later life}},
publisher = {Wadsworth Publishing Company},
year = {1980}
}

@article{Estrada:2011th,
author = {Estrada, Gemma and {Donghyun Park} and Ramayandi, Arief},
title = {{Population Aging and Aggregate Consumption in Developing Asia (No. 282)}},
year = {2011}
}

@article{ROOTH2010523,
author = {Rooth, Dan-Olof},
title = {{Automatic associations and discrimination in hiring: Real world evidence}},
journal = {Labour Economics},
year = {2010}
}

@book{Schanzenbach:2017vn,
author = {Schanzenbach, Diane Whitmore and Nunn, Ryan},
title = {{The 51 percent: Driving Growth through Women{\textquoteright}s Economic Participation}},
year = {2017}
}

@book{wunsch1995god,
author = {Wunsch, G J},
title = {{God Has Chosen to Give the Easy Problems to the Physicists: Or why Demographers Need Theory}},
publisher = {Academia Bruylant},
year = {1995}
}

@article{Alimi:2013vr,
author = {Alimi, R S},
title = {{Keynes{\textquoteright} Absolute Income Hypothesis and Kuznets Paradox}},
year = {2013}
}

@book{BECKER:2009vl,
author = {BECKER, Gary Stanley and Becker, Gary S},
title = {{A Treatise on the Family, Enlarged Edition}},
publisher = {Harvard University Press},
year = {2009}
}

@article{AcostaBallesteros:2017vz,
author = {Acosta-Ballesteros, Juan and Osorno-del Rosal, Mar{\'\i}a del Pilar and Rodriguez-Rodriguez, Olga Mar{\'\i}a},
title = {{Underemployment and employment among young workers and the business cycle in Spain: the importance of education level and specialisation}},
journal = {Journal of Education and Work},
year = {2017}
}

@incollection{tanturri_how_2012,
author = {Tanturri, Maria Letizia},
title = {{How Much Does a Child Cost Its Parents in Terms of Time in an Aged Society? An Estimate for Italy with Time Use Survey Data}},
booktitle = {The Family, the Market or the State?},
year = {2012}
}

@article{Krueger:2003jh,
author = {Krueger, Patrick M and Rogers, Richard G and Hummer, Robert A and LeClere, Felicia B and Huie, Stephanie A Bond},
title = {{Socioeconomic Status and Age: The Effect of Income Sources and Portfolios on U.S. Adult Mortality}},
journal = {Sociological Forum},
year = {2003}
}

@article{Anonymous:1963dce,
title = {{The "Life Cycle" Hypothesis of Saving: Aggregate Implications and Tests}},
year = {1963}
}

@article{Mudrazija:2013et,
author = {Mudrazija, Stipica},
title = {{The balance of intergenerational family transfers: a life-cycle perspective}},
journal = {European Journal of Ageing},
year = {2013}
}

@article{Bilson:1980eb,
author = {Bilson, John F O},
title = {{The rational expectations approach to the consumption function: A multi-country study}},
journal = {European Economic Review},
year = {1980}
}

@article{Vargha:2017kz,
author = {Vargha, Lili and G{\'a}l, R{\'o}bert Iv{\'a}n and Crosby-Nagy, Michelle O},
title = {{Household production and consumption over the life cycle: National Time Transfer Accounts in 14 European countries}},
journal = {Demographic Research},
year = {2017}
}

@article{Renteria:2016bf,
author = {Renter{\'\i}a, Elisenda and Souto, Guadalupe and Guevara, Iv{\'a}n Mej{\'\i}a and Patxot, Concepci{\'o}},
title = {{The Effect of Education on the Demographic Dividend}},
journal = {Population and Development Review},
year = {2016}
}

@article{Borjas:jd,
author = {Borjas, George J},
title = {{The Economics of Immigration}},
journal = {JSTOR
}
}

@article{Fougere:2009jj,
author = {Foug{\`e}re, Maxime and Harvey, Simon and Mercenier, Jean and M{\'e}rette, Marcel},
title = {{Population ageing, time allocation and human capital: A general equilibrium analysis for Canada}},
journal = {Economic Modelling},
year = {2009}
}

@article{Andreev:2002dk,
author = {Andreev, Evgeny M and Shkolnikov, Vladimir M and Begun, Alexander},
title = {{Algorithm for decomposition of differences between aggregate demographic measures and its application to life expectancies, healthy life expectancies, parity-progression ratios and total fertility rates}},
journal = {Demographic Research},
year = {2002}
}

@article{Zulkarnain:2015ca,
author = {Zulkarnain, Alice},
title = {{A Delayed Retirement Policy and Male Labor Supply: Evidence from the Entire Dutch Population}},
journal = {SSRN Electronic Journal},
year = {2015}
}

@article{Erren:2007hl,
author = {Erren, Thomas C.},
title = {{Ten simple rules for doing your best research, according to Hamming.}},
journal = {PLoS computational biology},
year = {2007}
}

@article{CANADA:2014vj,
author = {{CANADA 2020}},
title = {{Unemployed and Underemployed Youth: A Challenge to Canada Achieving its Full Economic Potential}},
year = {2014}
}

@incollection{keefe_intergenerational_2012,
author = {Keefe, Janice A and Legare, Jacques and Charbonneau, Patrick and D{\'e}carie, Yann},
title = {{Intergenerational Support to Older Canadians by Their Adult Children: Implications for the Future}},
booktitle = {The Family, the Market or the State?},
year = {2012}
}

@article{Gomez:2009ur,
author = {Gomez, Rafael and Gunderson, Morley},
title = {{For Whom the 'Retirement' Bell Tolls: Inter-temporal Comparisons Using the 1994 and 2002 Canadian General Social Survey}},
journal = {CLSSRN working papers},
year = {2009}
}

@article{Turcotte:2007ti,
author = {Turcotte, Martin and Schellenberg, Grant},
title = {{A Portrait of Seniors in Canada}},
journal = {Statistique Canada},
year = {2007}
}

@article{SALA:2018tt,
author = {SALA, Carole-Aline},
title = {{Contribution du mod{\`e}le Age-P{\'e}riode-Cohorte {\`a} l{\textquoteright}{\'e}tude de l{\textquoteright}{\'e}pizootie d{\textquoteright}Enc{\'e}phalopathie Spongiforme Bovine en France et en Europe}},
year = {2018}
}

@incollection{Wilkins:2011he,
author = {Wilkins, Roger and Wooden, Mark},
title = {{Economic Approaches to Studying Underemployment}},
booktitle = {Underemployment: Psychological, Economic, and Social Challenges},
year = {2011}
}

@article{Brown:2017wd,
author = {Brown, Alexandra and Guttmann, Rochelle},
title = {{Ageing and Labour Supply in Advanced Economies}},
year = {2017}
}

@article{Hering:2010tz,
author = {Hering, Martin and Klassen, Thomas R},
title = {{Strengthening Fairness and Funding in the Canada Pension Plan: Is Raising the Retirement Age an Option?}},
journal = {Social and Economic Dimensions of an Aging Population Research},
year = {2010}
}

@article{vandeKaa:2004ip,
author = {van de Kaa, Dirk J},
title = {{Is the Second Demographic Transition a useful research concept: Questions and answers}},
journal = {Vienna Yearbook of Population Research},
year = {2004}
}

@article{Low:2017jb,
author = {Low, Hamish and Meghir, Costas},
title = {{The Use of Structural Models in Econometrics}},
journal = {Journal of Economic Perspectives},
year = {2017}
}

@article{Lee:2013ef,
author = {Lee, Ronald Demos},
title = {{Intergenerational Transfers, the Biological Life Cycle, and Human Society}},
journal = {Population and Development Review},
year = {2013}
}

@webpage{StatistiqueCanada:2016wb,
author = {{Statistics Canada}},
title = {{Esp{\'e}rance de vie}},
year = {2016}
}

@article{Lee:2014km,
author = {Lee, Ronald Demos},
title = {{Macroeconomic Consequences of Population Aging in the United States: Overview of a National Academy Report}},
journal = {The American Economic Review},
year = {2014}
}

@article{Weller:1997kf,
author = {Weller, Sally A},
title = {{Accounting for Skill Shortages? Migration and the Australian Labour Market}},
journal = {Population, Space and Place},
year = {1997}
}

@article{Calot:1999fy,
author = {Calot, G{\'e}rard and Sardon, Jean-Paul},
title = {{Les facteurs du vieillissement d{\'e}mographique}},
journal = {Population (french edition)},
year = {1999}
}

@article{Krissman:2005ez,
author = {Krissman, Fred},
title = {{Sin Coyote Ni Patr{\'o}n: Why the "Migrant Network" Fails to Explain International Migration}},
journal = {The International Migration Review},
year = {2005}
}

@article{Anonymous:9NHL9Ffa,
title = {{USING SURVIVAL ANALYSIS IN ECONOMICS}},
year = {2010}
}

@book{Anonymous:pM57eHLQ,
title = {{dx.doi.org}},
publisher = { National Association of Forensic Economics}
}

@incollection{motonishi_heterogeneous_2012,
author = {Motonishi, Taizo},
title = {{Heterogeneous Elderly Parents and Intergenerational Transfers in Japan}},
booktitle = {The Family, the Market or the State?},
year = {2012}
}

@article{Agarwal:2007ex,
author = {Agarwal, Sumit and Liu, Chunlin and Souleles, Nicholas S},
title = {{The Reaction of Consumer Spending and Debt to Tax Rebates{\textemdash}Evidence from Consumer Credit Data}},
journal = {Journal of Political Economy},
year = {2007}
}

@article{Jerven:2013vs,
author = {Jerven, Morten},
title = {{Les statistiques africaines sur le d{\'e}veloppement sont trompeuses}},
year = {2013}
}

@book{KingJr:2010uk,
author = {King Jr, Martin Luther},
title = {{Where Do We Go from Here}},
publisher = {Beacon Press (MA)},
year = {2010}
}

@article{Beach:2008ur,
author = {Beach, Charles M},
title = {{Canada's aging workforce: participation, productivity, and living standards}},
journal = {A Festschrift in Honour of David Dodge},
year = {2008}
}

@article{Ekerdt:2004cy,
author = {Ekerdt, D J},
title = {{Consumption and Meanings of Age}},
journal = {The Journals of Gerontology Series B: Psychological Sciences and Social Sciences},
year = {2004}
}

@article{Bratsberg:2014cl,
author = {Bratsberg, Bernt and Raaum, Oddbj{\o}rn and R{\o}ed, Knut},
title = {{Immigrants, Labour Market Performance and Social Insurance}},
journal = {The Economic Journal},
year = {2014}
}

@article{Temple:2017jl,
author = {Temple, Jeromey B and McDonald, Peter F},
title = {{Population ageing and the labour force: 2000-2015 and 2015-2030}},
journal = {Australasian Journal on Ageing},
year = {2017}
}

@article{Skeldon:2012du,
author = {Skeldon, Ronald},
title = {{Migration Transitions Revisited: Their Continued Relevance for The Development of Migration Theory}},
journal = {Population, Space and Place},
year = {2012}
}

@article{Laumas:1969tr,
author = {Laumas, P S},
title = {{A Test of the Permanent Income Hypothesis }},
journal = {Journal of Political Economy},
year = {1969}
}

@article{Anonymous:lxbTCmzu,
title = {{testingpihaggdata}},
year = {2003}
}

@techreport{Maestas:2016ji,
author = {Maestas, Nicole and Mullen, Kathleen and Powell, David},
title = {{The Effect of Population Aging on Economic Growth, the Labor Force and Productivity}},
institution = {National Bureau of Economic Research, Cambridge, MA},
year = {2016}
}

@article{Barnett:2007vd,
author = {Barnett, Russell},
title = {{Trend Labour Supply in Canada: Implications of Demographic Shifts and the Increasing Labour Force Attachment of Women}},
journal = {Bank of Canada Review},
year = {2007}
}

@article{Cervellati:uf,
author = {Cervellati, M and Report, U Sunde and {University of Bologna}},
title = {{Longevity and lifetime labor supply: Evidence and implications revisited}},
journal = {researchgate.net
}
}

@article{Fuchs:2015ws,
author = {Fuchs, Johann},
title = {{Decomposing the effect of population ageing on labour supply}},
journal = {Athens Journal of Social Sciences},
year = {2015}
}

@article{Faugere:1980jg,
author = {Faugere, Jean-Pierre},
title = {{L'allocation du temps entre travail domestique et travail marchand: Discussion autour d'un modele}},
journal = {Revue {\'e}conomique},
year = {1980}
}

@article{MONTCHO:2009ty,
author = {MONTCHO, G},
title = {{出口量与相关的因子：经济规模的影响--《西南财经大学》2009年硕士论文}},
year = {2009}
}

@article{Anonymous:1963dcf,
title = {{The "Life Cycle" Hypothesis of Saving: Aggregate Implications and Tests}},
year = {1963}
}

@article{Gingras:2000dk,
author = {Gingras, Yves and Roy, Richard},
title = {{Is There a Skill Gap in Canada?}},
journal = {Canadian Public Policy / Analyse de Politiques},
year = {2000}
}

@article{Mason:1997ho,
author = {Mason, Karen Oppenheim},
title = {{Explaining Fertility Transitions}},
journal = {Demography},
year = {1997}
}

@article{Dynan:2009gl,
author = {Dynan, Karen E and Edelberg, Wendy and Palumbo, Michael G},
title = {{The Effects of Population Aging on the Relationship among Aggregate Consumption, Saving, and Income}},
journal = {The American Economic Review},
year = {2009}
}

@book{Murray:2018up,
author = {Murray, M J and Forstater, M},
title = {{Full Employment and Social Justice}},
year = {2018}
}

@article{Aisa:2013if,
author = {Aisa, Rosa and Pueyo, Fernando},
title = {{Population aging, health care, and growth: a comment on the effects of capital accumulation}},
journal = {Journal of population economics},
year = {2013}
}

@article{dAlbis:2014wh,
author = {d'Albis, Hippolyte},
title = {{Mesurer les transferts {\'e}conomiques entre les g{\'e}n{\'e}rations}},
year = {2014}
}

@article{Grady:2015tv,
author = {Grady, Patrick and Grubel, Herbert},
title = {{Immigration and the Welfare State Revisited: Fiscal Transfers to Immigrants in Canada}},
journal = {Munich Personal RePEc Archive},
year = {2015}
}

@article{lesthaeghe_second_2006,
author = {Neidert, Lisa and Lesthaegh, Ron J},
title = {{The Second Demographic Transition in the United States: Exception or Textbook Example?}},
year = {2006}
}

@article{RABATE:2018uz,
author = {RABATE, Simon},
title = {{{\'E}quilibrer le syst{\`e}me de retraite : quelles r{\'e}formes pour quels objectifs}},
year = {2018}
}

@article{Ruggeri:2007hh,
author = {Ruggeri, Joe and Zou, Yang},
title = {{The Fiscal Burden of Rising Dependency Ratios}},
journal = {Population Research and Policy Review},
year = {2007}
}

@incollection{Bashshur:2011vn,
author = {Bashshur, Michael R and Hern{\'a}ndez, Ana and Peir{\'o}, Jos{\'e} Mar{\'\i}a},
title = {{The Impact of Underemployment on Individual and Team Performance}},
booktitle = {Underemployment},
year = {2011}
}

@book{Anonymous:2018ti,
title = {{Full Employment and Social Justice: Solidarity and Sustainability}},
publisher = {Springer International Publishing},
year = {2018}
}

@article{Sunter:1994uq,
author = {Sunter, Deborah and Morissette, Rene},
title = {{Les heures consacr{\'e}es au travail (IS 943 A2)}},
journal = {Statistique Canada},
year = {1994}
}

@article{StatisticsCanada:2015tw,
author = {{Statistics Canada}},
title = {{Table 2.4: Selected age structure indicators, observed (1923 to 2013) and projected (2023 to 2063) according to the low-growth (L), medium-growth (M1) and high-growth (H) scenarios, Canada}},
journal = {Statistics Canada},
year = {2015}
}

@article{Mossakowski:2009fh,
author = {Mossakowski, Krysia N},
title = {{The Influence of Past Unemployment Duration on Symptoms of Depression Among Young Women and Men in the United States}},
journal = {American Journal of Public Health},
year = {2009}
}

@article{Vallin:2002kv,
author = {Vallin, Jacques},
title = {{The End of the Demographic Transition: Relief or Concern?}},
journal = {Population and Development Review},
year = {2002}
}

@book{Anonymous:l2khe8V0,
title = {{Demographic Change in Germany}}
}

@article{Storesletten:2000cn,
author = {Storesletten, Kjetil},
title = {{Sustaining Fiscal Policy through Immigration}},
journal = {Journal of Political Economy},
year = {2000}
}

@article{Caldwell:2004dj,
author = {Caldwell, John C},
title = {{Demographic Theory: A Long View}},
journal = {Population and Development Review},
year = {2004}
}

@techreport{Bloom:2011ek,
author = {Bloom, David E and Canning, David and Fink, G{\"u}nther},
title = {{Implications of Population Aging for Economic Growth}},
institution = {National Bureau of Economic Research, Cambridge, MA},
year = {2011}
}

@article{Campbell:1987cq,
author = {Campbell, John Y},
title = {{Does Saving Anticipate Declining Labor Income? An Alternative Test of the Permanent Income Hypothesis}},
journal = {Econometrica},
year = {1987}
}

@book{Anonymous:-v4mH7kJ,
title = {{Studies in Contemporary Economics}}
}

@article{Bell:2013fo,
author = {Bell, Andrew and Jones, Kelvyn},
title = {{The impossibility of separating age, period and cohort effects.}},
journal = {Social science {\&} medicine (1982)},
year = {2013}
}

@article{Beukes:2017ca,
author = {Beukes, Rochelle and Fransman, Tina and Murozvi, Simba and Yu, Derek},
title = {{Underemployment in South Africa}},
journal = {Development Southern Africa},
year = {2017}
}

@article{Burtless:2013ey,
author = {Burtless, Gary},
title = {{The Impact of Population Aging and Delayed Retirement on Workforce Productivity}},
journal = {SSRN Electronic Journal},
year = {2013}
}

@article{Courgeau:1996gc,
author = {Courgeau, Daniel and Leli{\`e}vre, {\'E}va},
title = {{Changing paradigm in demography}},
journal = {Population},
year = {1996}
}

@article{Lacomba:2006dt,
author = {Lacomba, Juan A and Lagos, Francisco},
title = {{Population Aging and Legal Retirement Age}},
journal = {Journal of population economics},
year = {2006}
}

@article{Raphael:1999ff,
author = {Raphael, Steven and Winter-Ebmer, Rudolf},
title = {{Identifying the Effect of Unemployment on Crime}},
journal = {SSRN Electronic Journal},
year = {1999}
}

@article{Evans:1984fa,
author = {Evans, Owen J},
title = {{Empirical Tests of the Life Cycle Hypothesis: Comment}},
journal = {The American Economic Review},
year = {1984}
}

@article{Anonymous:mwwjKyYO,
title = {{New Consumption Theories}},
year = {2017}
}

@article{Prskawetz:2005dx,
author = {Prskawetz, Alexia and Zagaglia, Barbara and Fent, Thomas and Skirbekk, Vegard},
title = {{Decomposing the change in labour force indicators over time}},
journal = {Demographic Research},
year = {2005}
}

@article{CanadianLabourCongress:2014wi,
author = {{Canadian Labour Congress}},
title = {{Underemployment is Canada{\textquoteright}s Real Labour Market Challenge}},
year = {2014}
}

@article{Jacob:2008dv,
author = {Jacob, Marita},
title = {{Unemployment benefits and parental resources: what helps the young unemployed with labour market integration?}},
journal = {Journal of Youth Studies},
year = {2008}
}

@article{Kaplan:1994fo,
author = {Kaplan, Hillard},
title = {{Evolutionary and Wealth Flows Theories of Fertility: Empirical Tests and New Models}},
journal = {Population and Development Review},
year = {1994}
}

@article{OECD:2013gz,
author = {{OECD}},
title = {{International Migration Outlook 2013}},
year = {2013}
}

@article{Dustmann:2016by,
author = {Dustmann, Christian and Sch{\"o}nberg, Uta and Stuhler, Jan},
title = {{The Impact of Immigration: Why Do Studies Reach Such Different Results?}},
journal = {The Journal of Economic Perspectives},
year = {2016}
}

@article{Coglianese:2018uh,
author = {Coglianese, John},
title = {{The rise of in-and-outs: Declining labor force participation of prime age men}},
journal = {scholar.harvard.edu
},
year = {2018}
}

@article{Brouhle:2005jt,
author = {Brouhle, Keith and Khanna, Madhu},
title = {{Determinants of Participation versus Consumption in the Nordic Swan Eco-labeled Market}},
year = {2005}
}

@article{Anonymous:um,
title = {{We did it!}},
journal = {The Economist},
year = {2009}
}

@article{Fallick:2007dx,
author = {Fallick, Bruce C and Pingle, Jonathan F},
title = {{A Cohort-Based Model of Labor Force Participation}},
journal = {SSRN Electronic Journal},
year = {2007}
}

@article{Alley:2010bc,
author = {Alley, Dawn E and Putney, Norella M and Rice, Melissa and Bengtson, Vern L},
title = {{The Increasing Use of Theory in Social Gerontology: 1990{\textendash}2004}},
journal = {The Journals of Gerontology Series B: Psychological Sciences and Social Sciences},
year = {2010}
}

@book{Martins:2011wb,
author = {Martins, Jo M and Yusuf, Farhat and Swanson, David A},
title = {{Consumer Demographics and Behaviour}},
publisher = {Springer Science {\&} Business Media},
year = {2011}
}

@article{Dustmann:2007fl,
author = {Dustmann, Christian and Preston, Ian P},
title = {{Racial and Economic Factors in Attitudes to Immigration}},
journal = {The B.E. Journal of Economic Analysis {\&} Policy},
year = {2007}
}

@incollection{lyberaki_atypical_2011,
author = {Lyberaki, Antigone and Tinios, Platon and Papadoudis, George},
title = {{Atypical Work Patterns of Women in Europe: What Can We Learn From SHARELIFE?}},
booktitle = {The Individual and the Welfare State},
year = {2011}
}

@article{grady2015immigration,
title = {{Immigration and the Welfare State Revisited: Fiscal Transfers to Immigrants in Canada in 2014}},
journal = {Fraser Institute Vancouver, B.C.},
year = {2015}
}

@article{Carriere:2011uu,
author = {Carri{\`e}re, Yves and Galarneau, Diane},
title = {{Delayed retirement: A new trend?}},
journal = {Perspectives on Labour and Income},
year = {2011}
}

@book{Diebolt:2017is,
author = {Diebolt, Claude and Perrin, Faustine},
title = {{Understanding Demographic Transitions}},
publisher = {Springer International Publishing},
year = {2017}
}

@incollection{Santis2012,
author = {Santis, Gustavo De},
title = {{The Demographic Phases and the Almost Ideal Pension System (AIPS)}},
booktitle = {The Family, the Market or the State? Intergenerational Support Under Pressure in Ageing Societies},
year = {2012}
}

@article{Fleury:2011ib,
author = {Fleury, Charles},
title = {{L{\textquoteright}orientation au travail des g{\'e}n{\'e}rations~: le cas de la g{\'e}n{\'e}ration X au Qu{\'e}bec}},
journal = {SociologieS},
year = {2011}
}

@book{Piggott:2016vu,
author = {Piggott, John and Woodland, Alan},
title = {{Handbook of the Economics of Population Aging}},
publisher = {Elsevier},
year = {2016}
}

@article{Kang:2013kk,
author = {Kang, Hyun},
title = {{The prevention and handling of the missing data}},
journal = {Korean Journal of Anesthesiology},
year = {2013}
}

@article{Leinonen:2015fw,
author = {Leinonen, Taina and Martikainen, Pekka and Myrskyl{\"a}, Mikko},
title = {{Working Life and Retirement Expectancies at Age 50 by Social Class: Period and Cohort Trends and Projections for Finland}},
journal = {The Journals of Gerontology Series B: Psychological Sciences and Social Sciences},
year = {2015}
}

@article{SAAD:2012ua,
author = {{SAAD}},
title = {{Dictionnaire des donn{\'e}es administratives longitudinales 2010}},
year = {2012}
}

@article{Chalfin:2015fb,
author = {Chalfin, Aaron},
title = {{The Long-Run Effect of Mexican Immigration on Crime in US Cities: Evidence from Variation in Mexican Fertility Rates}},
journal = {The American Economic Review},
year = {2015}
}

@article{UnitedNations:2007ug,
author = {{United Nations}},
title = {{Le d{\'e}veloppement durable dans un monde vieillissant}},
year = {2007}
}

@article{StatistiqueCanada:2017ue,
author = {{Statistics Canada}},
title = {{Methodology of the Canadian Labour Force Survey}},
year = {2017}
}

@article{McKeeRyan:2011cb,
author = {McKee-Ryan, Frances M and Harvey, Jaron},
title = {{{\textquotedblleft}I Have a Job, But . . .{\textquotedblright}: A Review of Underemployment:}},
journal = {Journal of Management},
year = {2011}
}

@incollection{Chakrabarti:2013chap2,
author = {Chakrabarti, Saurabh},
title = {{Measures of Visible Underemployment}},
booktitle = {Underemployment and some related socio economic factors problem of measurement and prediction},
year = {2013}
}

@article{Nadeau:2010jd,
author = {Nadeau, Serge and Seckin, Aylin},
title = {{The Immigrant Wage Gap in Canada: Quebec and the Rest of Canada}},
journal = {Canadian Public Policy / Analyse de Politiques},
year = {2010}
}

@article{Cristea:2020ct,
author = {Cristea, Mirela and Noja, Gra{\c{t}}iela Georgiana and D{\u{a}}n{\u{a}}cic{\u{a}}, Daniela Emanuela and {\c{S}}tefea, Petru},
title = {{Population ageing, labour productivity and economic welfare in the European Union}},
journal = {Ethnicity {\&} Health},
year = {2020}
}

@incollection{Mason:2011wc,
author = {Mason, Andrew and Lee, Ronald Demos},
title = {{Introducing age into national accounts}},
booktitle = {Population aging and the generational economy: A global perspective},
year = {2011}
}

@book{Caselli:2006wx,
author = {Caselli, Graziella and Vallin, Jacques and Wunsch, Guillaume},
title = {{D{\'e}mographie: Analyse et synth{\`e}se.}},
year = {2006}
}

@article{UnitedNations:2013vz,
author = {{United Nations}},
title = {{National Transfer Accounts Manual: Measuring and Analysing the Generational Economy}},
journal = {United Nations publication},
year = {2013}
}

@article{Anonymous:1963dcg,
title = {{The "Life Cycle" Hypothesis of Saving: Aggregate Implications and Tests}},
journal = {The American Economic Review},
year = {1963}
}

@article{Souleles:2002gq,
author = {Souleles, Nicholas S},
title = {{Consumer response to the Reagan tax cuts}},
journal = {Journal of Public Economics},
year = {2002}
}

@article{Fortin:2016hl,
author = {Fortin, Nicole and Lemieux, Thomas and Torres, Javier},
title = {{Foreign human capital and the earnings gap between immigrants and Canadian-born workers}},
journal = {Labour Economics},
year = {2016}
}

@article{Belanger:2013ce,
author = {B{\'e}langer, Alain and Bastien, Nicolas},
title = {{The Future Composition of the Canadian Labor Force: A Microsimulation Projection}},
journal = {Population and Development Review},
year = {2013}
}

@article{Aaronson:2014fi,
author = {Aaronson, Stephanie and Cajner, Tomaz and Fallick, Bruce and Galbis-Reig, Felix and Smith, Christopher L and Wascher, William},
title = {{Labor Force Participation: Recent Developments and Future Prospects}},
journal = {SSRN Electronic Journal},
year = {2014}
}

@article{Blanchet:1991kx,
author = {Blanchet, Didier},
title = {{On Interpreting Observed Relationships Between Population Growth and Economic Growth: A Graphical Exposition}},
journal = {Population and Development Review},
year = {1991}
}

@article{Haugen:2009va,
author = {Haugen, Steven E},
title = {{Measures of labor underutilization from the Current Population Survey}},
journal = {Working Papers},
year = {2009}
}

@article{Green:1999ko,
author = {Green, Alan G and Green, David A},
title = {{The Economic Goals of Canada's Immigration Policy: Past and Present}},
journal = {Canadian Public Policy / Analyse de Politiques},
year = {1999}
}

@article{CHEN:2017bg,
author = {CHEN, TAICHANG and LEESON, GEORGE W and LIU, CHANGPING},
title = {{Living arrangements and intergenerational monetary transfers of older Chinese}},
journal = {Ageing {\&} Society},
year = {2017}
}

@article{Raouafi:2018kv,
author = {Raouafi, Sana and Achiche, Sofiane and Raison, Maxime},
title = {{Socioeconomic disparities and difficulties to access to healthcare services among Canadian children with neurodevelopmental disorders and disabilities}},
journal = {Epidemiology and Health},
year = {2018}
}

@book{Walker:2014uy,
author = {Walker, Alan},
title = {{Political Economy of Ageing and Later Life}},
publisher = {Edward Elgar Pub},
year = {2014}
}

@article{Phadtare:2009dk,
author = {Phadtare, Amruta and Bahmani, Anu and Shah, Anand and Pietrobon, Ricardo},
title = {{Scientific writing: a randomized controlled trial comparing standard and on-line instruction}},
journal = {BMC Medical Education},
year = {2009}
}

@article{Caldwell:1976iq,
author = {Caldwell, John C},
title = {{Toward A Restatement of Demographic Transition Theory}},
journal = {Population and Development Review},
year = {1976}
}

@article{Chiappori:2015kv,
author = {Chiappori, Pierre Andr{\'e} and Lewbel, Arthur},
title = {{Gary Becker's A Theory of the Allocation of Time}},
journal = {The Economic Journal},
year = {2015}
}

@article{OECD:1998wp,
author = {{OECD}},
title = {{WORK FORCE AGEING: CONSEQUENCES AND POLICY RESPONSES}},
year = {1998}
}

@article{Ruist:2015gv,
author = {Ruist, Joakim},
title = {{The Fiscal Cost of Refugee Immigration: The Example of Sweden}},
journal = {Population and Development Review},
year = {2015}
}

@article{Clarke:2013dh,
author = {Clarke, Andrew and Skuterud, Mikal},
title = {{Why do immigrant workers in Australia perform better than those in Canada? Is it the immigrants or their labour markets?}},
journal = {Canadian Journal of Economics/Revue canadienne d'{\'e}conomique},
year = {2013}
}

@article{Pierard:2016ik,
author = {Pi{\'e}rard, Emmanuelle},
title = {{The effect of health care expenditures on self-rated health status and the Health Utility Index: Evidence from Canada}},
journal = {International Journal of Health Economics and Management},
year = {2016}
}

@article{Aries:1980jo,
author = {Aries, Philippe},
title = {{Two Successive Motivations for the Declining Birth Rate in the West}},
journal = {Population and Development Review},
year = {1980}
}

@incollection{schroder_scar_2011,
author = {Schr{\"o}der, Mathis},
title = {{Scar or Blemish? Investigating the Long-Term Impact of Involuntary Job Loss on Health}},
booktitle = {The Individual and the Welfare State},
year = {2011}
}

@article{Cassidy:2008cf,
author = {Cassidy, Tony and Wright, Liz},
title = {{Graduate employment status and health: a longitudinal analysis of the transition from student}},
journal = {Social Psychology of Education},
year = {2008}
}

@techreport{Hall:1987ez,
author = {Hall, Robert E.},
title = {{Consumption}},
institution = {National Bureau of Economic Research, Cambridge, MA},
year = {1987}
}

@article{Blinder:1976il,
author = {Blinder, Alan S},
title = {{Intergenerational Transfers and Life Cycle Consumption}},
journal = {The American Economic Review},
year = {1976}
}

@book{Neugarten:1968vk,
author = {Neugarten, Bernice L},
title = {{Middle Age and Aging}},
publisher = {University of Chicago Press},
year = {1968}
}

@article{Jdanov:2017tp,
author = {Jdanov, Dmitri A and Shkolnikov, Vladimir M and van Raalte, Alyson A and Andreev, Evgeny M},
title = {{Decomposing Current Mortality Differences Into Initial Differences and Differences in Trends: The Contour Decomposition Method}},
journal = {Demography},
year = {2017}
}

@article{Block:2019va,
author = {Block, Sheila and Galabuzi, Grace-Edward and Tranjan, Ricardo},
title = {{Canada's Colour Coded Income Inequality}},
year = {2019}
}

@incollection{Lee:1998fs,
author = {Lee, Ronald Demos and Miller, Timothy W},
title = {{The Current Fiscal Impact of Immigrants and their Descendants: Beyond the Immigrant Household}},
booktitle = {The Immigration Debate},
year = {1998}
}

@book{Anonymous:omMXkZ-8,
title = {{Berg Oxford
}}
}

@article{Newton:1981jy,
author = {Newton, Keith and Betcherman, Gordon and Meltz, Noah},
title = {{Diagnosing Labour Market Imbalances in Canada}},
journal = {Canadian Public Policy / Analyse de Politiques},
year = {1981}
}

@article{Mao:2014td,
author = {Mao, Rui and Xu, Jianwei},
title = {{Consumption Structure Evolutions in an Aging Society and Implications for the Social Security System}},
year = {2014}
}

@article{Bongaarts:1996bp,
author = {Bongaarts, John and Watkins, Susan Cotts},
title = {{Social Interactions and Contemporary Fertility Transitions}},
journal = {Population and Development Review},
year = {1996}
}

@article{Parker:2010vq,
author = {Parker, Jeff},
title = {{Theories of consumption and saving}},
year = {2010}
}

@article{card_immigrant_2001,
author = {Card, David},
title = {{Immigrant Inflows, Native Outflows, and the Local Labor Market Impacts of Higher Immigration}},
journal = {Journal of Labor Economics},
year = {2001}
}

@article{Rimbeuf:2015to,
author = {Rimbeuf, Stephane and Penanguer, Alain},
title = {{La consommation en Afrique Le march{\'e} du XXI}},
year = {2015}
}

@article{Chojnicki:2012hc,
author = {Chojnicki, Xavier and Ragot, Lionel},
title = {{Immigration, vieillissement d{\'e}mographique et financement de la protection sociale}},
journal = {Revue {\'e}conomique},
year = {2012}
}

@article{Robson:2003gw,
author = {Robson, Arthur J and Kaplan, Hillard S},
title = {{The Evolution of Human Life Expectancy and Intelligence in Hunter-Gatherer Economies}},
journal = {The American Economic Review},
year = {2003}
}

@article{Sokhna:2018ww,
author = {Sokhna, Ndeye Penda and Ragot, Lionel and Chojnicki, Xavier},
title = {{The fiscal impact of 30 years of immigration in France: an accounting approach}},
journal = {EconomiX Working Papers},
year = {2018}
}

@incollection{Missinne:2015fm,
author = {Missinne, Sarah},
title = {{Moving Towards a Better Understanding of Socioeconomic Inequalities in Preventive Health Care Use: A Life Course Perspective}},
booktitle = {A Life Course Perspective on Health Trajectories and Transitions},
year = {2015}
}

@incollection{MaximeFougere:2000vx,
author = {Lapierre-Adamcyk, Evelyne and Marcil-Gratton, Nicole and Le Bourdais, C{\'e}line},
title = {{Working Schedules: In Search of a Balance Between Family Time and Economic Wellbeing}},
booktitle = {Ages, Generations and the Social Contract},
year = {2007}
}

@article{Anonymous:MnRTCT-a,
author = {BENIN, REPUBLIQUE DU},
title = {{CODE GENERAL DES IMPOTS DU BENIN}},
year = {2012}
}

@incollection{DeLiema:2017dw,
author = {DeLiema, Marguerite and Bengtson, Vern L},
title = {{Activity Theory, Disengagement Theory, and Successful Aging}},
booktitle = {Encyclopedia of Geropsychology},
year = {2017}
}

@book{Anonymous:ki7p_j-a,
title = {{Economic Foundations for Creative Ageing Policy, Volume II}}
}

@article{StatisticsCanada:wd,
author = {{Statistics Canada}},
title = {{Supplementary unemployment rates, monthly, unadjusted for seasonality}},
year = {2019}
}

@article{Peacock:1988hn,
author = {Peacock, Walter Gillis and Hoover, Greg A and Killian, Charles D},
title = {{Divergence and Convergence in International Development: A Decomposition Analysis of Inequality in the World System}},
journal = {American Sociological Review},
year = {1988}
}

@incollection{hank_reproductive_2011,
author = {Hank, Karsten and Korbmacher, Julie M},
title = {{Reproductive History and Retirement: Gender Differences and Variations Across Welfare States}},
booktitle = {The Individual and the Welfare State},
year = {2011}
}

