%% Created  on Sun, 03 Feb 2019.
%% Manual entries

%% %% %% %% %% %% %%  R packages %% %% %% %% %% %% %%

  @article{Rstat:2018,
  title        = {R: A Language and Environment for Statistical Computing},
  author       = {{R Core Team}},
  organization = {R Foundation for Statistical Computing},
  address      = {Vienna, Austria},
  year         = {2018},
  url          = {https://www.R-project.org/}
}

  @article{Gower:2017,
  title  = {gower: Gower's Distance},
  author = {Mark {Van Der Loo}},
  year   = {2017},
  note   = {R package version 0.1.2},
  url    = {https://CRAN.R-project.org/package=gower}
}

  @manual{pscl:1,
  title        = {{pscl}: Classes and Methods for {R} Developed in the Political Science Computational Laboratory},
  author       = {Simon Jackman},
  organization = {United States Studies Centre, University of Sydney},
  address      = {Sydney, New South Wales, Australia},
  year         = {2017},
  note         = {R package version 1.5.2},
  url          = {https://github.com/atahk/pscl/}
}

@article{pscl:2,
  title   = {Regression Models for Count Data in {R}},
  author  = {Achim Zeileis and Christian Kleiber and Simon Jackman},
  journal = {Journal of Statistical Software},
  year    = {2008},
  volume  = {27},
  number  = {8},
  url     = {http://www.jstatsoft.org/v27/i08/}
}

@article{usbls:2019,
  title  = {Alternative Measures of Labor Underutilization for States, 2019 Annual Averages},
  author = {{Bureau of Labor Statistics }},
  year   = {2019},
  url    = {https://www.bls.gov/lau/stalt19q4.htm/}
}


@article{DemoDecomp:2018,
  title  = {DemoDecomp: Decompose Demographic Functions},
  author = {Tim Riffe},
  year   = {2018},
  note   = {R package version 1.0.1},
  url    = {https://CRAN.R-project.org/package=DemoDecomp}
}


%% %% %% %% %% %% %%  R packages End %% %% %% %% %% %% %%



@article{usbls:2012,
  title  = {Alternative Measures of Labor Underutilization for States, 2012 Annual Averages},
  author = {{Bureau of Labor Statistics }},
  year   = {2012},
  url    = {https://www.bls.gov/lau/stalt12q4.htm/}
}


@article{usbls:2020,
  title  = {(Seas) Total unemployed, plus all persons marginally attached to the labor force, plus total employed part time for economic reasons, as a percent of the civilian labor force plus all persons marginally attached to the labor force (U-6)},
  author = {{Bureau of Labor Statistics }},
  year   = {2020},
  url    = {https://beta.bls.gov/dataViewer/view/timeseries/LNS13327709Q/}
}


@article{eurostat:2020,
  title  = {Duration of working life - annual data},
  author = {{EuroStat}},
  year   = {2020},
  url    = {https://appsso.eurostat.ec.europa.eu/nui/submitViewTableAction.do},
  note   = {[Online; accessed 21-04-2020]}
}

@article{Keynes:1936,
  title   = {The General Theory of Employment, Interest and Money},
  author  = {{John Maynard Keynes}},
  year    = {1936},
  journal = {Macmillan Cambridge University Press},
  url     = {https://www.marxists.org/reference/subject/economics/keynes/general-theory/index.htm/}
}

@article{ipmus:2020,
  title   = {Integrated Public Use Microdata Series, Current Population Survey: Version 7.0},
  author  = {{IPUMS-CPS}},
  year    = {2020},
  journal = {University of Minnesota},
  url     = {https://cps.ipums.org/}
}


@article{oecd:2020,
  title   = {Dataset: LFS-Involuntary Part Time Workers},
  author  = {{OECD}},
  year    = {2020},
  journal = {OECD-Stat},
  url     = {https://stats.oecd.org/Index.aspx?DataSetCode=INVPT_D/}
}


@article{julien:2020a,
  title   = {Population Aging in Canadian Provinces},
  author  = {Navaux, Julien and Mérette, Marcel},
  year    = {2020},
  journal = {Manuscript in preparation},
  url     = {https://tinyurl.com/y8fj2dof/}
}


%% %% %% %% %% %% %%  My Research %% %% %% %% %% %% %%

@article{gilbert:2020a,
  title   = {A Dynamic Framework for Setting Under-employment Threshold},
  author  = {Montcho, Gilbert and Carrière, Yves and Mérette, Marcel},
  year    = {2020},
  journal = {Manuscript in preparation},
  url     = {https://tinyurl.com/y8fj2dof/}
}

@article{gilbert:2020b,
  title   = {Under-employment in an aging population: Evidence from the Canadian Labor Surveys},
  author  = {Montcho, Gilbert and Carrière, Yves and Mérette, Marcel},
  year    = {2020},
  journal = {Manuscript in preparation},
  url     = {https://tinyurl.com/y8sh83ww}
}

@article{gilbert:2020c,
  title   = {Worklife Duration and Population Aging in Canada: Myths and Realities},
  author  = {Montcho, Gilbert and Carrière, Yves and Mérette, Marcel},
  year    = {2020},
  journal = {Manuscript in preparation},
  url     = {https://tinyurl.com/ya4f92l3}
}

@article{gilbert:2020d,
  title   = {Net Transfer of Immigrants and Natives: A National Transfer Accounts approach},
  author  = {Montcho, Gilbert and Julien, Navaux and Carrière, Yves and Mérette, Marcel},
  year    = {2020},
  journal = {Manuscript in preparation},
  url     = {https://tinyurl.com/y9l9jg5h}
}


@article{carriere:2020a,
  title   = {Living Longer and Delaying Retirement: What Is Fairness in a Context of Population Aging?},
  author  = {Carrière, Yves and Décarie, Yann and Galarneau, Dianne and Légaré, Jacques and Keefe, Janice and Montcho, Gilbert},
  year    = {2020},
  journal = {Manuscript submited Population Research and Policy Review}
}


%% %% %% %% %% %% %%  Other %% %% %% %% %% %% %%

@article{psac:2018,
  title   = {Employment equity: A tool kit for PSAC members},
  author  = {{Public Service Alliance of Canada}},
  year    = {2018},
  journal = {Manuscript in preparation},
  url     = {http://psacunion.ca/employment-equity-tool-kit-psac-members/}
}


%% %% %% %% %% %% %%  Statistics Canada %% %% %% %% %% %% %%
@misc{statCan:001,
  author = {{Statistics Canada}},
  title  = {Age-standardized Rates},
  year   = {2017},
  url    = {https://www.statcan.gc.ca/eng/dai/btd/asr},
  note   = {[Online; accessed 09-Jun-2020]}
}


@misc{statCan:002,
  author = {{Statistics Canada}},
  title  = {Table  14-10-0083-01   Labour force characteristics by immigrant status, annual},
  year   = {2020},
  url    = {https://doi.org/10.25318/1410008301-eng},
  note   = {[Online; accessed 14-Jun-2020]}
}


@misc{statCan:003,
  author = {{Statistics Canada}},
  title  = {Focus on Geography Series, 2016 Census, Catalogue no. 98-404-X2016001},
  year   = {2017},
  url    = {https://tinyurl.com/y8xacze2},
  note   = {[Online; accessed 05-July-2020]}
}


@misc{statCan:004,
  author = {{Statistics Canada}},
  title  = {An aging population},
  year   = {2016},
  url    = {https://tinyurl.com/y7flzehf},
  note   = {[Online; accessed 05-August-2020]}
}



%% %% %% %% %% %% %% Wikipedia links %% %% %% %% %% %% %%

@misc{wiki:a0,
  author = {{Wikipedia contributors}},
  title  = {Full-time job --- {Wikipedia}{,} The Free Encyclopedia},
  year   = {2020},
  url    = {https://en.wikipedia.org/w/index.php?title=Full-time_job&oldid=945619975},
  note   = {[Online; accessed 24-April-2020]}
}

